2548 3572
439 242 469 292 11.
481 245 633 307 Aenigmata
645 246 774 320 syllabica.

573 396 637 450 114.

100 503 131 556 1.
147 501 179 554 2.
207 493 373 554 Ulcr'racca
385 503 483 553 maire.
504 499 555 552 Est
568 516 658 551 nonne
673 497 733 551 ideo
747 499 920 552 veneranda?
1001 513 1005 520 ·

147 581 180 634 3.
204 579 272 633 Sive
283 585 423 632 austerum
435 579 527 632 vinum
541 579 666 642 includit,
682 579 739 630 sive
752 579 909 632 Falernum:

207 657 357 713 Posteriori
370 664 399 711 le
413 675 479 712 casu
494 659 613 728 supplex
627 665 775 711 veneratur

86 801 131 878 ὦ.
143 815 189 878 Θ.
204 741 341 880 1111101111,
351 778 462 889 'uuanda
476 819 561 887 pedes
577 817 676 870 similes
693 817 757 870 mihi
772 821 849 870 sunt:
864 816 918 871 eric
931 817 1061 888 hydrops.

574 1040 638 1094 115.

160 1154 187 1206 l.
212 1154 247 1217 0,
262 1169 342 1224 quam
356 1154 458 1209 fervide
473 1161 567 1210 amant
579 1159 621 1210 uel
637 1155 739 1225 Saepe,
755 1160 786 1208 ul
798 1154 938 1224 pussideac
950 1160 993 1216 le,

209 1233 299 1286 Multa
312 1234 378 1288 sulic
390 1235 508 1306 fecitque
521 1251 603 1304 puer,
620 1235 728 1290 sudavit
741 1241 770 1288 el
783 1233 857 1289 alsit.

209 1313 247 1366 El
261 1307 353 1366 sirnilis
368 1320 460 1368 lamen
474 1333 502 1368 es
517 1321 548 1368 lu
562 1314 695 1385 pulchrae
709 1332 799 1368 nonne
812 1313 923 1384 puellae

209 1391 323 1456 Venali,
339 1410 407 1463 quac
423 1423 458 1431 -
475 1395 583 1448 foedum
596 1395 670 1450 dictu
685 1423 720 1432 -
735 1398 825 1450 mutat
838 1397 962 1447 amatos?

209 1473 279 1527 Sunt
293 1473 378 1535 cauti,
394 1475 440 1544 qui
453 1481 481 1528 te
496 1483 608 1528 sewanu
620 1475 647 1527 in
662 1491 783 1538 carcere,
799 1491 894 1528 verum

209 1550 268 1606 Illis
284 1549 407 1622 (plaudo)
422 1571 476 1608 nou
490 1555 539 1608 abs
554 1561 583 1608 te
598 1555 752 1608 conceditur
766 1570 838 1607 usus.

209 1630 271 1684 Non
286 1631 369 1686 onmis
384 1640 477 1686 tamen
490 1633 643 1687 exstinctus
657 1635 745 1702 pudor
759 1649 820 1686 esse
834 1631 942 1685 videtur

208 1711 242 1764 In
255 1718 293 1764 te.
315 1712 367 1774 Qui
379 1714 461 1766 rubet
475 1709 622 1780 (interdum
635 1712 691 1784 fil),
706 1712 778 1766 hunc
790 1713 876 1781 pudet
889 1711 980 1765 etiam.

116 1787 146 1843 2.
161 1787 188 1842 3.
209 1790 335 1862 Aufuge,
349 1809 413 1846 nam
427 1809 585 1862 quocunque
599 1792 690 1857 venis,
704 1809 782 1846 nemo
797 1791 903 1846 invenit
916 1791 955 1856 id,
970 1807 1022 1860 quo

108 1905 113 1914 -
210 1869 320 1940 Indigel
328 1905 448 1926 ........

101 1943 144 2004 Q·
156 1942 194 2005 Θ.
209 1949 272 2013 Dic,
287 1949 444 2013 habitasne,
459 1950 590 2014 timenda,
606 1950 822 2005 aulindomibus
832 1964 981 2018 procerum,
998 1955 1048 2001 aul
1057 1949 1107 2008 sub
1164 2017 1166 2023 y

209 2029 335 2097 Paupere
347 2030 527 2096 ruricolarum
540 2037 614 2084 lecto
628 2037 752 2102 tempore
766 2034 877 2083 nostro?

209 2108 261 2160 Hic
275 2125 307 2162 ac
321 2108 390 2172 illic;
404 2109 497 2178 patria
510 2110 608 2166 ubivis.

575 2353 640 2407 116.

164 2463 190 2516 1.
215 2462 356 2524 „Claudite
370 2481 441 2518 nunc
454 2465 541 2532 rivos,
555 2468 646 2537 pueri.
662 2472 707 2520 sal
718 2472 802 2536 prata
814 2463 970 2520 biberunl.“

210 2543 271 2595 Jam
286 2544 396 2608 crescit,
412 2547 495 2615 quod,
511 2545 534 2599 si
548 2547 677 2601 siccatum
691 2552 744 2609 cst,
760 2545 881 2607 nominc,
897 2546 996 2611 dequo

212 2621 341 2683 Quaestio
355 2640 427 2677 nunc
441 2631 496 2689 esd,
510 2627 642 2696 privatur.
664 2627 705 2679 Tu
719 2641 840 2679 crescere
855 2640 944 2676 nonna

209 2701 313 2756 Audis?
322 2743 427 2759 .......

118 2781 146 2836 2.
161 2779 188 2834 3.
209 2782 328 2835 Parvula
341 2789 473 2854 nequam!
485 2785 586 2857 pungis
601 2803 642 2839 me
658 2803 704 2838 cre
718 2791 765 2839 luc
781 2790 864 2854 atque
879 2795 1013 2835 susurras.

104 2856 144 2918 5).
154 2856 192 2920 Θ.
208 2861 317 2930 Inclyta
330 2879 388 2916 sum
402 2865 524 2929 cantrix,
540 2882 601 2918 mea
613 2866 706 2935 patria
719 2865 788 2918 silva
800 2864 890 2916 virens
905 2867 956 2916 esl.

210 2941 314 2994 Forsan
326 2958 369 2994 me
382 2942 488 2997 vidistis
503 2945 530 2997 in
543 2945 656 2998 urbibus
671 2950 736 2998 ante
750 2944 888 2996 fenestras

212 3019 346 3089 Captum?
356 3022 425 3086 Vos,
440 3023 561 3078 homines
575 3023 711 3086 crudeles,
727 3022 928 3093 este‘banignh

211 3104 305 3169 Atque
319 3102 450 3155 recludite
465 3119 613 3166 carcerem,
628 3110 661 3156 ut
674 3101 726 3170 ipsi
740 3099 842 3169 (noune
855 3102 973 3173 pelicum

211 3179 338 3234 Vestrum
352 3177 423 3248 eall)
439 3180 498 3236 sitis
512 3183 587 3254 digni
599 3182 738 3238 libertale.
