2534 3576
432 200 460 246 =1.
471 197 625 262 Aenigmata
635 196 780 246 nominalie.
850 213 852 218 ·

582 349 629 404 23.

104 464 155 518 Dic
168 464 249 528 mihi,
266 467 372 534 quando
385 465 483 535 lepus
497 467 569 520 duris
583 483 598 519 e
613 465 738 518 dentibus
753 469 813 518 orto

142 544 249 598 Dolore
263 545 400 616 languens
413 545 551 615 ingemet?
581 602 583 608 ,

580 751 628 806 24.

105 865 168 918 Sum
182 865 313 929 volueris,
329 867 377 918 sed
389 873 522 936 perpetuo
535 873 627 922 semen
640 866 741 920 haereo
754 871 859 926 berrae,

143 945 207 998 Non
220 946 283 998 ulae
296 945 399 999 tollunt
412 962 509 1015 eorpus
523 947 551 1000 in
565 947 625 1000 albe
636 961 734 998 meum.

105 1024 219 1086 Quando
233 1025 329 1096 fugem
341 1025 466 1088 meditor,
481 1025 578 1078 fiducie
590 1025 701 1095 ponitur
713 1024 774 1076 unis

142 1105 175 1157 In
188 1105 320 1174 pedibus:
334 1105 431 1174 pennis
445 1123 499 1158 non
513 1105 583 1158 bene
596 1106 649 1158 fido
662 1103 737 1158 meis.

104 1184 183 1237 Abdo
198 1191 281 1254 ceput
294 1184 403 1254 fugiens
418 1190 447 1237 et
459 1201 503 1237 me
516 1185 586 1237 bene
601 1185 680 1237 oredo
694 1184 796 1245 lutere,

143 1263 188 1316 Sic
202 1264 277 1316 hosti
289 1264 325 1316 fio
338 1265 441 1332 praede
454 1262 543 1334 petitu
555 1281 624 1318 meo.

105 1342 132 1396 si
144 1343 186 1396 vis
200 1343 304 1412 ingenii
318 1344 456 1398 stomacho
469 1359 521 1415 por
535 1350 623 1406 esset,
638 1343 667 1396 iu
681 1343 746 1396 orbe

142 1422 274 1476 Vinceret
286 1422 424 1492 ingenium
439 1429 537 1476 cuncte
550 1423 671 1479 animatu
684 1438 780 1476 meum.

579 1633 626 1690 25.

40 1787 43 1794 .
103 1748 148 1800 Me
161 1747 229 1799 lioei
241 1748 313 1800 haud
328 1749 470 1818 quidquam
483 1749 628 1819 pretiosius
644 1748 715 1802 orbis
729 1748 860 1812 heberet,

141 1832 273 1880 Attamen
287 1828 389 1898 exiguo
401 1829 528 1882 ‘venditus
543 1844 607 1882 uere
621 1827 668 1884 fui.

574 2039 699 2094 26.·*

102 2153 232 2206 Invictum
245 2151 310 2206 mihi
322 2153 406 2205 robur
418 2151 502 2206 inest:
518 2171 573 2208 uon
587 2153 652 2223 igue
666 2153 786 2218 oulesoo,

140 2237 198 2286 Auo
211 2233 315 2294 solvor;
329 2233 415 2286 multo
429 2234 553 2286 destruor
566 2233 631 2303 igne
645 2233 741 2286 miuus.

103 2311 146 2364 Nil
159 2311 224 2364 mihi
238 2311 447 2382 duritie'oertai3
462 2312 626 2383 distringitur
638 2313 727 2375 inens,

142 2391 178 2444 Et
190 2391 284 2454 rimus,
300 2391 345 2461 qui
357 2408 400 2444 me
413 2393 528 2446 malleus
542 2392 600 2456 ieiu,
616 2392 684 2462 egit.

105 2469 151 2523 Vis
164 2470 248 2540 igitur
261 2470 312 2524 uisi
325 2488 367 2523 me
380 2488 497 2542 peregre
511 2471 696 2534 infestaverit,
713 2470 800 2525 ausim

140 2549 252 2613 Dicere,
267 2557 428 2620 perpetuum
440 2551 524 2604 robur
536 2550 626 2605 inesse
639 2550 713 2604 mihi.

106 2629 179 2692 Quae
193 2628 232 2682 vis
246 2629 309 2693 illu,
323 2635 423 2700 rogus?
443 2631 478 2684 fio
491 2631 643 2684 tractabilis
657 2629 724 2684 hirei

141 2707 293 2778 Sanguine,
308 2715 338 2762 et
351 2709 460 2763 artificis
474 2709 547 2763 diseo
562 2710 652 2764 subire
665 2726 770 2766 manus.
832 2757 834 2762 .

571 2947 619 3002 27.

104 3060 166 3123 Quis
179 3062 246 3114 duro
260 3060 354 3114 sitiens
367 3061 514 3121 humorum
527 3066 611 3118 eorde
622 3079 744 3118 eruorem

140 3141 260 3204 Quartae
274 3140 409 3194 hominum
422 3141 493 3211 parti
505 3142 574 3198 lueis
588 3145 711 3198 redemtor
725 3146 804 3200 ereo?
