2534 3576
440 217 460 264 1.
471 217 624 280 Aenigmata
633 215 778 265 amalis.

103 377 246 446 Nusquam
260 380 290 428 et
302 372 404 444 ubique
418 388 529 426 manens
544 373 650 443 capior,
665 372 798 443 capioque
811 371 940 435 vicissim,

140 457 220 510 Intus
235 460 267 507 et
280 454 416 517 exterius,
431 470 481 506 nec
494 458 575 506 tenco
590 459 639 506 aut
652 456 756 506 teneor.
773 479 808 488 -

103 537 146 590 Ex
159 553 206 588 me
221 534 306 596 orior,
321 535 402 587 redeo
418 534 452 586 ad
466 549 507 586 me
521 549 628 594 rursus,
643 538 724 586 nocte
738 531 833 600 dieque

141 617 246 678 Curru,
261 615 356 668 eadem
371 620 453 683 atque
468 612 525 666 alia
538 618 568 665 et
581 610 675 666 nescia
688 619 763 666 stare
777 613 846 666 loco.
860 637 901 650 -·

103 697 229 758 Pendeo,
245 711 296 746 ceu
308 693 380 764 pila,
394 710 449 746 non
463 691 520 746 ullo
535 691 677 746 libramine
691 691 775 753 fulta.

143 775 327 844 omniparens
341 772 437 844 pingui
451 771 560 842 profero
575 778 674 826 cuncta
687 771 757 826 sinu.

581 955 628 1008 60.

104 1058 275 1129 Multiplices
289 1074 411 1128 prosum,
429 1072 584 1128 quanquam
599 1063 765 1120 contemnor¹
782 1058 815 1110 ad
829 1073 909 1121 usus,

145 1140 232 1207 Inque
246 1139 378 1208 paludoso
394 1145 437 1191 sto
452 1137 510 1190 sine
525 1137 597 1190 crine
611 1137 682 1190 lacu.

105 1220 151 1274 Me
166 1217 221 1272 nisi
234 1220 376 1271 ducentem
391 1223 551 1287 sequeretur
565 1213 667 1278 scriba,
682 1215 790 1286 legenti

145 1297 193 1352 Nil
208 1297 352 1367 quidquam
366 1299 446 1350 docta
460 1296 542 1350 sciret
556 1312 635 1350 arare
648 1313 738 1349 manu.

105 1380 170 1432 Non
183 1377 256 1430 horti
269 1394 381 1446 praeses
395 1377 480 1430 multo
495 1393 555 1429 cum
568 1375 680 1428 foenore
693 1375 797 1428 fructus

146 1457 286 1526 Accipiet,
302 1463 393 1511 custos
408 1456 431 1509 si
445 1456 532 1509 bouus
548 1472 608 1508 esse
622 1471 728 1525 negem.

105 1533 171 1590 Nun
184 1535 263 1606 riget
276 1536 418 1590 arboribus
433 1535 571 1588 foecundis
586 1534 705 1591 consitus
718 1535 827 1596 hortus,

148 1615 178 1669 Si
191 1615 279 1686 rigido
292 1631 389 1669 munus
404 1615 512 1685 despuit
527 1631 572 1668 ore
586 1631 683 1667 meum.

20 1735 21 1738 ,
109 1696 234 1765 Captum
247 1695 386 1749 volucrum
400 1696 485 1748 solers
501 1694 650 1748 frustratur
663 1700 692 1746 et
706 1709 821 1762 auceps,

147 1775 324 1844 Piscatcrqus
338 1791 401 1829 mea
414 1791 469 1827 non
482 1775 553 1828 bene
567 1773 653 1828 {tultus
668 1791 729 1842 ope.

107 1854 248 1908 Laetitiae
261 1855 336 1907 nullo
351 1855 451 1908 tibicen
464 1854 580 1908 carmine
595 1853 716 1924 siguum,

148 1934 194 1988 Me
209 1952 268 1987 cum
280 1941 454 2003 praesentem
467 1935 632 1996 nonhabet,
648 1949 733 2002 usque
747 1931 831 1986 canit.

110 2013 228 2068 Conficio
243 2013 337 2078 celeri,
353 2031 431 2083 quem
445 2014 506 2066 vult
519 2015 601 2067 herus
616 2012 733 2082 impiger
746 2012 814 2072 ictu,

147 2094 330 2162 Lycbnuchcs
345 2093 453 2163 templis
467 2093 576 2163 ignibus
591 2109 665 2146 armo
680 2091 772 2144 sacris.

108 2171 171 2226 Non
184 2172 261 2225 tenui
273 2172 383 2243 fugiunt
395 2173 542 2243 praesepia
555 2173 653 2226 vimine
667 2175 761 2233 texts,

148 2252 275 2306 Artifices
290 2259 370 2305 teneo
386 2253 492 2323 quando
506 2270 559 2324 ego
573 2249 661 2306 mellis
681 2266 757 2319 apes.

19 2341 20 2348 ’
110 2331 180 2394 Quid
193 2331 285 2385 multis
300 2349 368 2402 epus
382 2338 426 2386 est
440 2333 557 2386 referam
569 2347 631 2386 mea
643 2332 781 2384 commoda
793 2329 897 2384 verbis?

148 2410 228 2474 Quod
240 2411 342 2481 prosim
354 2412 459 2476 multis,
475 2429 540 2466 usus
554 2412 654 2482 ubique
667 2415 755 2480 patet.

582 2595 628 2648 61.

19 2705 20 2730 i
108 2697 201 2751 Matre
216 2710 311 2748 careus
326 2712 393 2766 ego,
408 2697 522 2750 necdum
535 2701 614 2758 nata,
629 2711 730 2766 parens
745 2699 839 2748 tamen
852 2709 907 2747 una

149 2775 214 2829 Sum
227 2774 345 2838 cunctis;
359 2774 444 2830 vitam
457 2777 490 2828 dc
505 2774 680 2845 simulatque
694 2791 796 2828 necem.

582 2977 629 3032 62.

109 3077 204 3135 Noctis
217 3078 303 3133 habet
316 3078 424 3144 faciem,
439 3095 490 3149 per
503 3095 532 3132 se
546 3079 606 3150 ipsa
619 3075 767 3148 nigredinis
781 3093 896 3150 expers,

148 3159 215 3212 Fert
228 3159 358 3214 tenebras
371 3159 460 3214 media
473 3160 582 3230 saepius
595 3159 643 3212 iile
657 3156 709 3209 die.
