2534 3576
424 215 426 220 '
453 208 473 256 1.
484 209 636 271 Aenigmata
646 210 789 258 nominalis.

609 357 667 418 7..

123 461 225 514 Caesar
238 458 396 531 gibbosum,
412 461 528 531 Cynicus
541 479 584 516 rne
599 467 722 516 ostentet
736 465 882 528 aduncum,

157 541 197 592 Es
210 545 289 593 vetes
303 542 336 593 de
349 557 391 594 ms
404 539 514 594 nornine
526 543 638 612 grandis
653 543 746 595 habet.

121 620 180 672 Hac
195 619 241 688 qui
253 627 334 689 porte
348 621 454 684 valens,
470 623 577 674 credam
597 621 686 691 magis
700 639 761 675 esse
775 637 904 692 sagaces:

158 699 322 753 Emunssum
337 699 456 770 quisquis
470 717 512 754 me
526 703 614 765 volet,
630 701 678 756 ille
692 702 774 770 sapit.

606 890 689 944 8..

120 995 234 1063 Hepher
245 1011 288 1047 me
302 994 411 1064 genum
427 1011 469 1048 me
483 993 574 1048 vivum
588 1001 686 1064 sponte
701 995 837 1064 sepultum

158 1075 220 1126 Non
234 1074 330 1126 humus
345 1079 393 1127 aud
407 1090 515 1136 saxum,
530 1091 585 1128 non
598 1076 671 1146 tegio
684 1093 753 1128 urnu
766 1077 874 1146 gravis3

119 1153 261 1207 notamen
275 1154 403 1207 immense
417 1170 525 1222 premor
538 1155 595 1219 hic,
609 1171 766 1224 mersusque
779 1157 926 1225 profundo,

157 1230 236 1286 Auri
248 1234 407 1302 praeclusus
421 1233 527 1286 Numen
542 1236 623 1289 adoro
637 1236 708 1304 pius.

119 1313 163 1366 Me
177 1319 270 1366 servet
283 1312 361 1367 vivus
374 1313 494 1366 cumulus
508 1331 552 1367 me
562 1313 680 1385 jureque
694 1317 786 1384 punio,

158 1393 237 1454 Quod
249 1410 292 1446 me
307 1393 423 1446 subduxi
433 1391 557 1460 jussibus
570 1410 656 1464 usque
670 1395 732 1448 Dei.

118 1471 236 1525 Nuntius
251 1489 312 1525 esse
325 1472 403 1535 muli,
419 1475 489 1540 quod
502 1489 557 1526 non
571 1474 607 1526 sit
619 1475 690 1528 forte
704 1475 836 1537 futurum,

157 1568 227 1622 Nolo
241 1556 396 1640 progenid,
412 1569 455 1623 cui
468 1569 554 1623 Ninus
568 1577 665 1623 auctor
678 1576 748 1624 enci.

118 1649 180 1716 Ipse
193 1648 247 1701 Dei
261 1665 369 1712 servus,
385 1649 445 1702 divo
460 1665 519 1702 sum
532 1666 643 1703 munere
658 1650 761 1714 clarus,

156 1729 379 1798 Immemoresque
393 1729 446 1782 Dei
460 1735 549 1782 terreo
564 1747 631 1784 voce
646 1745 738 1792 sacrm

118 1807 291 1876 Hebraeique
304 1815 405 1862 vocent
417 1808 536 1862 timidam
549 1826 591 1862 me
606 1810 677 1863 forte
691 1810 853 1878 columbam

157 1887 223 1948 Quis
237 1887 287 1940 sirn
300 1887 437 1952 divinans,
452 1904 549 1942 nornen
564 1895 593 1942 et
606 1907 685 1943 omen
698 1889 794 1944 hebes.

600 2095 626 2148 9.

118 2198 233 2268 Adspice
247 2198 397 2263 fatidicum,
413 2200 476 2268 quin
489 2199 658 2264 meminere,
673 2205 797 2270 poetam,

155 2281 198 2332 Ad
211 2280 283 2332 vada
295 2279 439 2334 Maeandri
451 2297 512 2334 oum
525 2297 593 2334 cano
608 2280 685 2332 dulce
699 2282 793 2334 melos.

117 2357 207 2411 induis
219 2359 278 2428 ipse
292 2375 366 2412 meos
381 2361 505 2428 Orpheus
520 2366 549 2413 eo
562 2361 675 2414 Flaccus
689 2360 820 2423 honores,

156 2437 265 2492 Gaudet
277 2445 307 2492 et
318 2439 433 2508 augurio
446 2440 543 2494 navita
555 2457 637 2508 saepe
651 2457 719 2494 meo.

119 2517 186 2578 Quin
200 2535 267 2588 ego,
281 2519 425 2587 purpureis
439 2520 563 2574 frenatus
578 2520 651 2573 colle
663 2518 801 2589 capistris,

154 2597 296 2650 Lascivam
310 2599 443 2652 Venerem
455 2615 505 2668 per
517 2600 579 2652 loca
588 2598 669 2668 jussu
682 2600 771 2654 traho.

117 2675 236 2731 Candido
249 2679 403 2746 decrepitae
417 2678 509 2732 similis
522 2679 587 2733 mihi
600 2679 688 2752 formo
701 2686 829 2734 senectae
844 2687 902 2742 est,

152 2756 205 2810 Sed
218 2757 325 2830 dubito,
340 2774 403 2814 num
417 2759 454 2811 sit
466 2759 567 2812 Lesbia
581 2759 726 2813 candidior.

586 2967 630 3021 10.

113 3065 212 3136 Meque
225 3071 384 3136 putremque
398 3081 486 3120 meum
498 3074 587 3122 mater
600 3068 666 3122 dulit
678 3083 745 3122 unu:
760 3070 881 3126 trucidet
918 3120 920 3124 s

150 3145 204 3199 Illc
216 3151 335 3214 petrem
350 3163 368 3200 o
380 3147 467 3216 patris
481 3147 577 3201 funere
591 3164 688 3203 nascor
701 3165 768 3219 ego;
