2534 3576
139 191 186 256 68
257 185 263 202 ⁸
437 247 444 256 ,
470 203 501 250 11.
512 201 666 265 Aenigmoro
676 193 814 262 nyllubicm'

152 357 179 413 3.
194 359 222 414 4.
242 356 368 411 Exhalat
382 373 431 409 nos
445 363 590 420 moestum,
605 375 656 410 nec
669 375 724 412 non
736 364 833 427 pectus
846 374 937 412 umore

245 438 369 506 Captum.
390 436 455 500 Hic,
472 436 517 506 qui
530 437 604 500 vult,
619 436 721 499 rident;
734 437 792 490 illic
805 438 975 494 condoluisse

244 516 367 570 Officium
381 521 425 570 est
431 554 508 570 .....
869 563 873 572 .

117 621 120 648 ι
139 592 178 654 lt.
191 590 228 653 u).
242 596 380 666 Exprimit
393 611 481 665 angor
495 594 564 648 tnliu
577 601 657 650 curte
669 596 813 665 precontie
825 598 917 652 verbe

131 727 136 740 p
244 677 324 730 Alme
336 681 431 744 peter,
446 673 554 727 facilem
568 675 674 738 vultum,
686 693 720 729 ne
734 683 829 730 everte
842 676 978 746 precanti!

614 872 661 927 81.

198 985 224 1038 1.
245 983 286 1037 Ne
301 989 329 1034 ιε
344 982 453 1045 fallam,
470 981 557 1036 discus
571 1000 613 1036 me
628 1000 807 1056 cognoscere3
822 1001 938 1054 numque

247 1061 377 1119 callidior
390 1079 432 1114 me
447 1079 502 1114 non
516 1068 560 1116 cst
568 1102 658 1118 ......

198 1142 224 1199 2.
245 1138 314 1196 P'ost
325 1158 523 1212 possessorem,
539 1144 654 1195 sednon
668 1159 742 1206 sero,
757 1143 832 1196 venit
845 1161 962 1213 unquam
1015 1175 1016 1178 =

141 1219 182 1282 iii.
192 1219 230 1281 (li.
245 1221 340 1275 Totius
353 1238 417 1292 pers
434 1254 468 1286 7-
484 1220 588 1275 miraris
602 1226 662 1275 me?
679 1250 713 1260 -
730 1227 773 1274 est
786 1223 893 1292 longior
907 1223 975 1294 ipso.

616 1419 663 1475 82.

199 1522 226 1575 1.
245 1521 341 1585 Fallit,
356 1539 391 1573 ne
404 1522 456 1574 fide
470 1521 523 1584 illi,
538 1539 602 1575 nom
615 1522 727 1575 fallacia
739 1539 842 1593 magna
855 1531 907 1578 est.

228 1601 300 1653 -Est
314 1601 467 1665 simulator,
476 1601 679 1664 dissimulator,
696 1602 846 1670 quamlibet
859 1603 906 1656 ille

248 1679 318 1734 Proe
333 1697 362 1732 oe
377 1680 432 1733 fert
445 1681 551 1734 vultum
564 1687 698 1742 rectum„
710 1721 715 1734 .
726 1721 749 1735 ..

158 1759 185 1814 2.
200 1758 228 1813 3.
250 1759 304 1813 Cur
316 1761 382 1814 fles?
396 1759 485 1823 venit·
497 1759 576 1823 vidit,
592 1760 670 1824 vicit,
682 1757 794 1830 jamque
807 1759 915 1816 beatus¹

144 1835 183 1897 Φ.
195 1836 232 1898 Θ.
245 1839 307 1893 Nun
321 1845 377 1905 est,
392 1855 453 1892 esse
466 1838 574 1892 ridetur
582 1879 652 1895 .....

618 2032 665 2088 83.
727 2019 732 2026 ’

161 2136 187 2190 1.
203 2134 229 2192 2.
249 2111 354 2189 νίψει.
369 2135 435 2200 cuc,
451 2135 503 2189 nor
517 2136 577 2190 racc
589 2135 696 2191 inimico
709 2135 854 2205 urunjam

252 2214 354 2270 Contro
367 2218 559 2281 decreverunt,
574 2216 671 2270 vestris
685 2216 821 2270 montibus
836 2215 909 2269 ultis.

202 2294 229 2349 3.
249 2294 292 2358 Sis
305 2294 428 2364 potiens!
443 2295 513 2350 Num
526 2313 580 2348 non
595 2295 645 2349 tibi
659 2296 710 2349 noli
724 2295 839 2366 contigit
851 2295 930 2368 illud:

250 2379 304 2430 Ars
317 2375 457 2445 mulgendi
470 2381 592 2445 tempore
605 2381 698 2430 nostro
713 2380 756 2426 est
769 2374 899 2438 maximin
915 2375 1003 2428 cuncti
1080 2429 1102 2438 ,¹
1189 2408 1193 2419 ·

251 2454 406 2526 Mnlgemur
414 2493 488 2509 .....

147 2530 186 2601 D·
196 2529 234 2593 (ὅ.
249 2535 367 2607 Corpore
381 2549 473 2588 crasso
487 2539 531 2588 est
544 2539 627 2604 utque
640 2531 714 2605 gerit
727 2531 872 2588 distentius
887 2535 963 2588 uber.

619 2675 670 2767 84.

151 2816 176 2871 1.
187 2814 213 2869 2.
225 2814 251 2871 3.
272 2815 300 2870 Si
314 2817 375 2882 tibi,
391 2817 471 2882 felix,
487 2821 530 2870 est
543 2821 625 2871 notus
639 2813 756 2871 feliciter
768 2815 872 2882 infans,

271 2896 310 2951 Et
321 2897 448 2965 reperisti
461 2915 504 2950 me
518 2899 648 2961 nondum,
663 2912 779 2968 quaeres
793 2902 986 2967 properanter,

273 2975 309 3028 Ut
322 2991 419 3029 nomen
433 2978 481 3031 des
495 2976 548 3042 illi,
565 2994 643 3048 quem
655 2976 764 3047 peperit
777 2977 827 3029 tibi
841 2985 945 3058 umato,

271 3053 450 3124 decipiatque
463 3071 552 3110 meum
564 3069 674 3122 munuc,
688 3071 753 3110 mex
766 3051 891 3110 cochlear
904 3055 944 3109 illi
1053 3051 1056 3054 ’
1094 3051 1103 3100 ἶ

271 3131 576 3208 Empentodone'tur
583 3171 671 3195 ......
899 3153 902 3162 ’
