2548 3572
509 189 551 244 IV.
562 191 739 250 Miscelluueu.

588 339 654 394 192.

117 444 212 500 Influit
225 443 253 498 iu
266 445 359 498 fiscum
373 444 490 508 collecta
504 446 632 516 pecunia,
649 444 718 499 sicut

162 524 283 595 Undique
297 523 438 578 flumineas
452 525 558 579 imbibit
572 541 782 598 aequor-aquas.

117 605 178 659 Neu
190 604 251 658 fluit
264 621 301 657 ex
314 605 378 658 fisco
393 605 516 676 dispersa
529 605 657 676 pecunia,
673 605 743 660 sicut

159 685 222 738 Non
235 683 316 737 muris
331 684 359 737 iu
371 685 462 739 fontes
476 702 558 739 verua
569 685 685 740 recurrit
698 700 778 757 aqua„

589 871 654 926 193.

118 973 173 1028 Est
186 973 279 1027 homo
294 974 365 1029 sicut
377 943 507 1039 humus,
523 991 607 1045 supra
621 991 650 1028 se
664 974 772 1029 tollitur
784 972 885 1044 ipsum:

160 1053 272 1107 Mente
288 1055 412 1125 superbit
425 1055 516 1120 homo,
532 1059 641 1108 monte
655 1053 779 1124 superbit
792 1053 898 1107 humus.

590 1247 654 1302 194.
724 1227 729 1238 “

120 1351 260 1422 Etulipsin
273 1367 336 1406 raro
350 1352 455 1428 patitur
468 1352 528 1416 Sol,
542 1353 623 1405 Luna
635 1353 801 1422 frequenter.

161 1433 214 1485 Eut
226 1431 316 1503 magis
330 1434 365 1486 ad
378 1433 486 1501 lapsum
499 1432 600 1485 femina
613 1449 701 1502 prona
713 1432 781 1486 viro.

590 1633 655 1690 195.

120 1740 153 1794 In
168 1741 244 1793 coelo
259 1739 343 1792 solem
357 1754 464 1808 semper
478 1738 622 1793 comitatur
635 1746 758 1801 euntem

161 1819 194 1874 Iu
206 1815 284 1873 terrb
296 1819 383 1871 lucem
397 1835 445 1872 cur
457 1818 531 1890 fugit
544 1836 611 1890 ergo
625 1821 735 1873 Venus?

588 2017 654 2072 196.

123 2121 256 2176 Extremo
272 2119 394 2190 queritur
407 2117 531 2172 Christus
545 2119 578 2170 de
591 2123 729 2186 tempore,
743 2123 874 2188 tunquam

122 2211 132 2260 t
161 2200 248 2254 Nulla
261 2199 298 2253 uit
311 2199 339 2252 in
351 2197 433 2252 terris
446 2197 609 2251 invenienda
621 2198 696 2250 fides.

122 2279 208 2350 Atqui
221 2297 292 2333 uuuc
304 2278 420 2331 hominis
434 2277 529 2331 veniat
543 2277 566 2330 si
579 2277 664 2340 filius,
680 2293 756 2340 ecce,

161 2359 297 2430 Maiorem
309 2357 442 2422 inveniat,
458 2374 538 2428 quum
550 2356 618 2410 velit
632 2373 706 2420 esse,
720 2357 806 2411 fidem.

612 2448 630 2482 a

590 2556 656 2612 197.

123 2663 208 2719 Dicta
220 2662 274 2717 fuit
286 2662 384 2716 mulier
397 2661 474 2733 quasi
487 2663 608 2727 mollior,
622 2668 667 2716 est
679 2668 772 2716 tumen
784 2663 846 2716 Eva

161 2744 223 2798 Nou
236 2745 269 2796 de
284 2759 365 2797 carne
379 2743 420 2796 sui
435 2750 537 2808 sumta,
553 2744 601 2796 ted
615 2759 677 2796 osse
691 2742 751 2796 viri.

590 2943 654 2999 198.
703 2931 708 2943 ’

121 3044 187 3108 Pix,
201 3060 272 3114 pax,
287 3045 348 3110 sex,
362 3045 424 3109 tux.
439 3045 501 3110 lex,
515 3045 579 3109 lux,
594 3062 664 3109 nex,
679 3043 736 3109 nix,
750 3063 807 3100 nox
820 3061 934 3118 quoque,
949 3049 1025 3118 styx,
1040 3045 1120 3113 utrix,
1136 3047 1138 3052 '

160 3124 199 3178 Et
211 3141 264 3180 rex
276 3132 306 3180 et
318 3142 393 3209 grui<¹
404 3130 434 3179 et
446 3142 515 3180 crux
528 3125 614 3179 habet
627 3125 689 3196 ipsu
702 3141 816 3180 uruoem.
875 3151 882 3168 o
