2548 3572
168 188 210 278 74
503 227 534 275 11.
545 227 698 290 Aenigmata
709 227 838 286 syllabica.

180 383 208 438 2.
225 382 251 436 3.
273 383 324 447 Te,
339 382 398 452 quis
412 381 534 438 nostrsim
547 402 602 438 uon
616 385 737 448 edomet,
752 401 814 438 meo
828 384 915 438 amics
929 383 1039 454 quiete?
1104 459 1108 466 ι

271 463 329 516 Abs
344 468 373 515 te
386 469 441 518 nou
455 465 565 518 cuditur
578 465 692 528 clamor,
706 481 761 518 non
774 463 906 533 strepitus
919 464 971 518 fis:
1061 463 1062 466 ’

166 537 205 598 S).
218 537 256 602 Θ.
269 541 321 596 Hic
335 558 365 596 se
380 543 551 615 conjungunt
564 539 669 613 (rorum
683 540 738 610 est)
752 543 901 607 contraris,
917 543 1011 598 amice.

635 746 699 801 105.

222 846 247 900 1.
269 845 388 916 Adspice
401 847 545 912 mortales,
561 864 627 918 quos
642 849 743 912 noscis,
759 866 849 902 nonne
862 853 1031 919 queruntur?

268 926 325 996 Ipsi
339 943 369 979 se
382 933 500 990 vexant,
514 934 609 998 posset
623 930 668 982 vel
681 929 772 982 bestia
785 930 860 982 flere.

268 1006 321 1061 Est
334 1005 419 1076 igitur
433 1007 563 1060 solamine
578 1025 658 1077 opus,
675 1009 746 1080 quod
760 1007 895 1079 quaerite,
910 1008 1014 1061 tristes.

168 1077 177 1094 ⁸
269 1085 340 1138 Sunt
354 1087 552 1149 consolatores,
569 1103 635 1157 quos
650 1105 703 1159 ego
718 1091 839 1142 temnere
853 1088 930 1141 nolo:

268 1165 344 1218 Inter
358 1171 469 1219 cunctos
484 1182 543 1218 sum
556 1165 731 1223 certissimus.
751 1167 846 1239 Elige,
860 1173 978 1230 moeste,

267 1245 326 1306 Me:
342 1261 420 1298 curas
435 1245 510 1314 pello
524 1244 648 1309 vitiosas,
664 1247 781 1300 laetifico
796 1263 896 1300 omnes.

219 1322 246 1378 2.
268 1323 327 1378 Alci
341 1331 483 1393 spectator
496 1323 577 1386 coeli,
592 1340 634 1376 me
647 1326 736 1380 visere
750 1327 842 1379 debes.

268 1404 309 1456 Tu
323 1419 442 1473 quoque,
457 1409 592 1455 terrarum
606 1411 757 1474 spectator,
771 1405 860 1459 visere
874 1406 966 1459 debes.

162 1476 201 1538 Q·
214 1478 252 1540 Θ.
268 1481 320 1544 Qui
334 1482 422 1536 colitis
437 1498 492 1546 me,
507 1481 584 1535 vobis
600 1485 681 1539 sudor
693 1491 789 1538 meust
803 1487 918 1540 abunde.

266 1561 451 1631 Exspectate!
467 1561 520 1615 erit
532 1568 691 1628 autumnus,
706 1565 752 1634 qui
765 1581 875 1618 munere
889 1565 970 1635 largo

266 1641 322 1695 Vos
336 1641 472 1694 recreabit
481 1680 574 1695 ......

631 1857 696 1914 106.

175 1959 201 2011 1.
215 1957 241 2012 2.
264 1959 373 2030 ingenii
386 1961 492 2021 domus,
508 1960 565 2013 alte
580 1967 608 2022 et
622 1959 764 2032 magnifice
780 1962 924 2016 aedificate

265 2038 318 2092 Hic
332 2045 383 2093 est.
404 2040 476 2095 Ecce
490 2039 626 2094 fenestras
642 2041 745 2104 claras,
761 2042 833 2096 ostio
845 2043 940 2112 pluro!

263 2121 396 2171 Attamen
409 2118 545 2172 interdum
559 2137 647 2174 vacus
661 2126 704 2174 est
718 2126 746 2174 et
760 2139 814 2174 nou
828 2122 966 2176 habitata.

173 2196 200 2252 3.
215 2197 243 2251 4.
265 2197 342 2258 Quod
355 2203 520 2269 praeceptor
534 2199 630 2264 tradit,
646 2201 726 2255 discit
739 2199 953 2272 discipulusque,

263 2277 355 2330 Hocce
368 2281 483 2331 vocetur
497 2277 605 2332 nomine
615 2321 694 2334 .....

157 2350 197 2412 ἦ).
207 2351 246 2414 Θ.
261 2356 394 2411 Doctrina
407 2353 462 2410 unt
475 2373 536 2409 cum
549 2351 658 2414 doctore
674 2359 761 2414 oblita
773 2359 888 2414 videtur.

627 2588 692 2643 107.

214 2688 240 2741 1.
261 2688 322 2742 Nou
336 2689 446 2745 fluvium
458 2690 594 2760 rapidum,
611 2692 656 2761 qui
670 2690 787 2745 destruit
798 2707 867 2746 srvs
879 2693 1038 2762 domosque,
1128 2755 1132 2762 ι

262 2768 300 2820 Te
314 2786 398 2834 cano,
414 2770 459 2840 qui
472 2770 652 2840 tranquillus,
666 2769 789 2840 quemvis
803 2771 946 2841 garrulus,
961 2770 1060 2841 anguis

131 2910 133 2918 ‚
261 2846 365 2912 ustor,
380 2867 430 2920 per
443 2850 544 2904 vollem
557 2850 645 2922 repis,
659 2865 788 2904 recreans
802 2867 864 2904 meo
876 2857 968 2921 preto.

170 2923 198 2979 2.
214 2923 241 2980 3.
264 2926 316 2989 Qui
330 2929 444 2998 pedibus
458 2929 532 2983 souis
547 2934 577 2982 et
589 2929 671 2984 certis
686 2929 782 3000 signet
794 2929 916 2994 humum,
931 2929 980 3013 ἰῌΘ

261 3007 388 3061 Gaudeat
401 3013 431 3060 et
443 3009 588 3063 miseretur
601 3025 678 3074 eum,
690 3008 735 3080 qui
748 3026 799 3079 pro
812 3011 882 3080 pede
896 3025 976 3063 cosso
1050 3023 1061 3076 ,⁸
1099 3067 1103 3074 ,

260 3085 303 3142 Ne
317 3085 423 3157 indiget
431 3125 547 3143 .......

155 3161 195 3224 ὦ.
206 3161 244 3226 Θ.
261 3168 297 3234 0,
313 3181 394 3237 quom
406 3165 509 3233 vivido,
524 3183 630 3222 muscos
646 3171 775 3238 captans,
790 3167 878 3221 saltet
891 3167 927 3219 sd
940 3169 1059 3221 omnem!
