2534 3576
434 249 453 296 1.
464 247 619 312 Aenigmata
630 247 760 310 syllabica.

104 405 134 459 2.
147 405 176 459 3.
196 404 293 458 Nonne
307 402 371 457 vehi
384 401 431 456 vili
443 417 525 456 curm
537 400 723 472 praestantius
736 401 776 456 ire

199 485 252 539 Est
264 483 397 554 pedibus?
407 522 414 536 .
423 521 430 536 .
439 521 456 536 .,

88 559 131 621 (θ.
141 559 180 623 Θ.
196 564 298 618 Mobile
312 563 442 616 conclave
455 567 511 624 est,
525 557 582 614 noli
594 559 697 624 mirari.
712 560 759 614 ubi
772 565 867 628 paster

198 645 361 706 Pernoctnt;
374 657 437 696 nem
449 647 545 710 postor
559 656 666 710 semper
678 640 785 694 mobilis
798 639 865 709 ipse.

570 843 617 900 27.

108 948 135 1003 l.
150 947 180 1002 2.
200 948 333 1001 Procreet
347 953 439 1001 aestus
453 964 502 1000 nos
517 951 598 1000 netes
612 946 708 1017 dignes
722 945 862 1016 genitrice.

197 1028 259 1081 Jem
269 1026 352 1096 juvet
364 1028 522 1096 adspectus,
538 1033 659 1080 nostrum
673 1032 703 1080 et
716 1026 884 1080 concedimus
897 1041 984 1080 usum.

200 1107 259 1169 Quo
272 1107 304 1159 lit
317 1113 349 1158 ut
364 1105 420 1172 (est
432 1104 570 1160 rarissime
583 1105 639 1171 res)
655 1123 747 1160 omncs
762 1108 890 1160 edement
903 1122 960 1160 nos.

199 1187 253 1240 Sed
266 1185 470 1256 distinguimus:
485 1185 612 1238 adsumus
626 1201 761 1240 exornare
774 1185 895 1254 puellos,

199 1269 253 1320 Ast
265 1272 373 1320 veteres
387 1272 524 1318 matrones
538 1263 640 1320 invitae
655 1267 820 1318 decoramus.

148 1345 178 1398 3.
197 1345 345 1415 Accipiunt
357 1355 400 1398 me
413 1344 467 1407 illi,
483 1343 528 1415 qui
538 1341 602 1412 jure
616 1353 754 1400 merentur
767 1346 909 1407 honorem

199 1424 261 1478 Sint
273 1424 403 1487 victores.
419 1431 510 1488 retes,
525 1423 685 1494 virginitate
699 1425 835 1488 celebres,

199 1503 260 1558 Sint
273 1503 446 1566 interrivos,
460 1509 510 1556 eut
523 1503 577 1556 sint
586 1503 646 1573 jem
659 1511 746 1558 morte
759 1503 847 1566 beuti:

125 1573 135 1598 ⁸
202 1583 320 1654 Quisque
335 1600 426 1650 suum,
440 1599 503 1638 nom
517 1599 576 1638 sum
589 1583 706 1646 verium,
721 1601 776 1636 non
789 1583 911 1638 omnibus
926 1583 1004 1638 idem.

92 1659 134 1720 2).
145 1659 184 1721 Θ.
199 1662 286 1724 Quem
299 1663 373 1716 reric
389 1657 661 1718 summum'mortales
675 1681 775 1717 numen
789 1663 938 1718 honorent!

200 1743 256 1807 En,
271 1759 324 1814 ego
339 1759 398 1798 sum
410 1743 489 1796 testis
499 1783 505 1796 .
515 1781 521 1797 .
531 1783 555 1798 ..

569 1924 615 1980 28.

110 2027 136 2081 1.
150 2025 178 2079 2.
199 2026 254 2080 En!
269 2025 359 2079 ninum
371 2025 505 2089 biberem,
522 2013 592 2096 quod
604 2024 642 2080 mi
658 2033 835 2081 contraxerat
849 2044 891 2091 os;
907 2031 939 2081 tu

200 2105 251 2159 Dic
264 2105 340 2159 mihi:
356 2107 437 2176 quale
451 2106 503 2159 fuit
517 2107 607 2158 vinum
620 2106 689 2160 hoc?
698 2147 704 2160 .
714 2146 736 2161 ..

151 2183 178 2240 3.
200 2185 328 2241 Crescere
341 2185 370 2238 in
384 2186 471 2239 hortis
485 2203 539 2248 me,
556 2185 606 2238 scit
620 2185 748 2255 quilibet;
764 2192 808 2240 est
821 2186 885 2241 mihi
899 2194 973 2242 certe

199 2265 269 2321 Esse
282 2265 408 2318 sidentur
420 2265 500 2318 snlde
514 2265 625 2328 inimici,
640 2281 756 2335 nemque
770 2267 857 2321 securi

132 2405 137 2414 ,
199 2344 370 2398 Abscindunt
384 2352 480 2415 ceput,
494 2345 522 2398 in
536 2345 659 2398 minimos
672 2352 766 2415 portes
780 2362 904 2400 resecare

198 2424 244 2478 Me
257 2441 312 2477 non
325 2425 499 2489 horrescunt,
513 2425 625 2495 pedibus
639 2441 681 2478 me
696 2425 812 2496 denique
825 2427 942 2482 calcent.

100 2498 137 2560 S).
149 2496 186 2561 Θ.
200 2503 252 2556 Est
266 2502 342 2556 cibus
356 2511 498 2574 acceptus,
513 2509 611 2575 gratus
626 2521 686 2558 cum
699 2521 780 2560 cerne
795 2506 864 2563 suili.

569 2696 615 2750 29.

112 2799 138 2853 1.
152 2795 178 2852 2.
199 2798 235 2861 0,
250 2815 331 2868 quom
343 2799 508 2870 multiplices
522 2808 552 2855 et
565 2802 687 2856 diverses
701 2802 890 2864 inveniuntur!

198 2877 267 2931 Sunt
280 2879 380 2948 partim
392 2897 509 2950 pnrvee,
524 2887 636 2945 tenues,
652 2888 716 2936 sunt
729 2883 849 2950 pondere
863 2897 978 2952 magno,

198 2957 268 3011 Sunt
280 2957 379 3028 purtim
393 2975 506 3024 curvae,
521 2978 571 3014 nec
584 2978 638 3014 non
652 2961 767 3014 hebetes
781 2965 810 3012 et
824 2966 936 3024 soutses

198 3035 287 3090 Multo
300 3040 420 3092 munitae
434 3055 517 3108 cupro
531 3045 561 3095 et
573 3041 687 3111 gemmis
700 3039 838 3108 pretiosis:

197 3115 320 3187 Suntque
333 3123 463 3190 gerentes
476 3134 606 3190 magnum
619 3119 745 3190 gibbum,
761 3126 878 3190 suntque
891 3119 1006 3189 politae.
1088 3128 1090 3134 '

200 3195 239 3259 0,
254 3201 333 3252 core!
348 3198 394 3268 qui
407 3199 519 3270 longum
533 3198 644 3268 occipit,
659 3197 706 3252 ille
720 3203 768 3254 eet⁴
776 3199 1012 3254 monteronem.

308 3285 315 3310 l
