2534 3576
434 233 455 282 Ι.
465 232 620 296 Aenigmata
629 233 776 283 nominalis.
793 273 795 278 .

568 390 633 446 104.

95 494 140 549 lie
154 495 215 549 siue
228 513 308 551 nemo
322 504 417 568 potest
430 495 557 552 sublimis
570 496 689 552 culmina
702 495 812 568 Olympi

134 575 288 641 Scandere,
303 577 379 631 adire
392 579 481 632 Deum
494 593 537 631 me
552 577 610 632 siue
623 593 703 632 nemo
716 582 819 647 potest.

96 654 140 709 lie
155 655 229 719 siue,
246 658 317 726 quod
330 657 428 722 facies,
443 657 582 730 ingratum
595 665 640 711 est
653 673 766 726 eumque
779 656 913 720 leharea,

135 733 183 788 Me
199 735 258 790 sine
271 753 326 789 non
341 754 408 806 opus
422 742 479 802 est,
494 739 565 807 quud
578 737 654 791 Deus
669 751 773 808 aequus
787 741 870 793 amet.

568 932 634 988 195.

95 1035 135 1090 Et
147 1035 249 1102 volito,
264 1042 294 1090 et
307 1054 385 1092 curro
399 1055 450 1108 per
464 1054 567 1095 summa
580 1038 719 1094 eacumina
732 1039 828 1105 velox,

136 1115 193 1170 Sim
204 1116 273 1171 lieet
286 1118 390 1188 absque
404 1117 471 1180 alis,
485 1119 535 1172 sim
548 1119 616 1172 lieet
629 1121 732 1191 absque
746 1121 825 1190 pede.

96 1194 186 1249 Nocte
199 1202 297 1250 tamen
306 1212 437 1269 peragro,
453 1197 558 1269 stipata
572 1201 620 1252 sed
633 1199 742 1270 agmine
755 1198 855 1264 inultm

137 1275 184 1329 Me
197 1276 329 1346 prohibet
342 1277 430 1332 frater
443 1294 552 1333 currere
566 1294 648 1349 posse
662 1279 714 1333 die.

98 1355 159 1409 Non
172 1372 237 1409 raro
250 1356 278 1408 in
292 1355 416 1411 eaumbm
429 1358 502 1412 vires
516 1361 636 1412 extendo
649 1359 786 1423 latebras,

137 1435 238 1506 Meque
252 1442 421 1506 potestatem
434 1438 519 1492 sentit
532 1438 634 1492 habere
647 1454 730 1493 mure.

100 1747 165 1801 Sum
177 1745 267 1801 levior
279 1747 361 1800 floeao
368 1787 376 1817 ‚
391 1764 483 1802 verum
497 1750 628 1821 graviora
641 1748 778 1812 ministro.

100 1826 247 1889 QuamneI
261 1826 289 1879 iu
302 1827 354 1880 hoe
367 1829 467 1881 mundo
480 1829 577 1884 feeerit
589 1829 649 1900 ipse
663 1829 760 1900 Gigas.

99 1909 174 1959 Ante
187 1905 242 1960 Dei
256 1906 358 1960 celsam
371 1907 435 1962 mihi
449 1909 492 1963 ias
506 1918 551 1964 est
564 1911 694 1963 scandere
708 1910 812 1968 sedem,

139 1984 205 2049 Hie,
221 1986 399 2057 quodeunque
413 1987 497 2042 etiam
509 1989 619 2060 flagito,
635 2005 719 2057 saepe
733 1985 809 2040 facit.
856 1999 859 2010 ·

101 2065 173 2130 Quin
186 2065 253 2120 mihi
266 2073 427 2136 comparent
439 2067 515 2122 rutili
529 2075 591 2123 tota
604 2067 716 2138 agunina
729 2064 813 2128 coeli,

140 2145 228 2208 Quam
242 2146 375 2200 submisse
389 2147 473 2212 orior,
488 2153 543 2202 tum
556 2148 646 2219 magis
660 2147 721 2201 alta
733 2151 809 2215 peto.

571 2350 637 2406 197.

46 2477 48 2483 ,
101 2453 150 2508 Sol
163 2453 270 2523 quando
284 2451 367 2507 radiis
381 2453 466 2506 nubes
480 2452 651 2524 fulgentibus
665 2457 741 2506 atras

141 2533 234 2586 Intrat
247 2546 276 2585 et
290 2533 403 2586 adverso
417 2533 509 2587 lumen
523 2533 558 2586 ab
572 2532 656 2586 imbre
667 2530 750 2600 jacit:

102 2611 207 2683 Insigni
222 2612 368 2681 splendens
384 2613 516 2666 circumdo
531 2611 626 2665 nubila
640 2611 730 2666 uincta

142 2692 181 2746 Et
192 2691 269 2761 piata
282 2689 352 2744 coeli
364 2698 442 2746 veste
456 2708 567 2762 pererro
581 2693 691 2762 plagas.

102 2773 166 2842 Ipse
180 2786 242 2824 mea
255 2770 369 2824 similem
383 2772 544 2843 quandoque
558 2772 595 2825 ab
608 2771 729 2842 imagine
744 2770 857 2824 formam

141 2850 273 2914 Proareo,
287 2852 336 2904 dat
348 2851 441 2904 vultus
455 2865 526 2920 quae
541 2850 686 2906 simulacra
698 2845 760 2904 mei.

104 2933 234 2987 Convexo
248 2935 366 2984 seruam
378 2931 454 2984 firmo
468 2931 622 2985 curvamine
636 2946 740 2993 muros,

143 3010 182 3064 Ut
194 3024 284 3064 rerum
296 3009 394 3079 puellus
406 3011 529 3080 pondera
542 3027 666 3081 quaeque
679 3009 779 3062 ferant.

106 3091 192 3154 Quam
205 3089 280 3159 prius
294 3088 428 3143 infestant
440 3090 560 3145 dominos
573 3088 729 3154 lethaliter,
743 3087 838 3144 hostes

142 3167 256 3225 Emiuus
269 3184 381 3224 amoveo
395 3170 428 3222 de
443 3169 563 3223 statione
576 3170 658 3222 feros.
