2534 3576
424 221 443 268 1.
455 220 610 284 Aenigmata
622 213 751 284 syllables.

562 373 606 430 11.

114 478 139 532 1.
151 478 174 534 2.
191 478 311 548 quores
325 481 530 532 venerabant-ur
542 497 604 543 ros,
620 481 648 532 in
662 479 782 533 tenebris
797 481 859 534 dum

192 559 338 613 Vivebent.
359 560 415 612 Vos
430 576 484 612 non
498 560 578 621 estis3
594 577 666 612 nune
680 559 792 613 lucidior
805 559 855 613 lux

192 639 251 692 Jurn
265 639 370 708 pridem
384 638 461 691 nobis
476 639 613 710 apparuit.
633 639 852 710 Omnipotenlem

193 719 243 781 Te,
258 718 304 788 qni
318 717 386 770 vivis
400 718 428 770 in
442 719 531 772 omnin
545 719 668 780 saecule,
683 720 817 773 noscimus
832 723 933 773 omnes.

193 798 285 860 Eheu,
301 811 382 867 quesn
393 798 473 851 mulli
486 803 515 851 ie
529 815 584 851 non
597 806 673 850 reete
687 805 867 853 venerantur:

151 877 176 931 3.
195 879 233 931 Te
246 877 346 948 genuit
359 877 458 946 pietur,
473 877 573 948 genuit
586 878 716 946 sculptor.
738 879 821 931 Poles
835 881 917 932 hosce

193 958 320 1011 Arliliues
334 973 389 1009 non
403 957 581 1010 dissimulare.
602 959 687 1011 Peles
700 964 763 1011 suus
778 975 849 1012 unus

95 1112 135 1172 2).
146 1110 180 1174 Θ.
193 1037 442 1185 ffllqsinqums’
458 1132 493 1169 en
507 1133 561 1168 non
576 1083 714 1186 proprium
727 1116 882 1172 venereris?

566 1319 611 1373 12.

136 1425 159 1480 l,
170 1425 196 1479 2.
217 1425 274 1480 Nos
288 1423 445 1478 habitamus
461 1423 487 1477 in
501 1424 582 1486 urbe,
597 1427 627 1477 el
639 1440 735 1494 pacem
748 1422 883 1494 poscimus
898 1439 1000 1477 omnes.
1032 1393 1037 1428 ²

81 1525 84 1532 ·
97 1501 122 1556 3.
132 1504 158 1558 4.
169 1505 195 1560 5.
216 1506 352 1559 Adsumus
367 1506 401 1558 ad
416 1503 612 1556 defendendum
626 1505 782 1573 bellumque
796 1503 953 1574 gerendum.

108 1580 144 1642 u.
157 1580 194 1643 Θ.
214 1585 276 1638 Une
289 1602 338 1638 nos
352 1583 428 1654 prius
443 1589 472 1636 et
485 1601 534 1637 nos
549 1583 684 1654 posterius
698 1600 798 1637 sumus.
818 1581 902 1636 Ecce!

570 1779 615 1834 13.

108 1892 133 1946 1.
149 1889 176 1944 2.
198 1889 295 1944 Sinon
309 1905 444 1954 essemus,
460 1891 573 1943 deberes
587 1887 697 1942 fiumina
711 1887 822 1959 quaevis

198 1971 386 2024 Trnnsnntere
395 2009 467 2024 .....

152 2047 178 2102 3.
200 2049 244 2104 sio
257 2049 349 2117 ajunt:
363 2048 407 2102 hie
421 2066 463 2102 me
477 2067 532 2102 non
545 2047 680 2119 possiden,
696 2045 742 2098 ille
756 2045 816 2097 loco
831 2061 886 2097 non

199 2129 294 2182 Recio.
316 2129 447 2182 Nonnulli
461 2128 610 2182 emiserunt
623 2143 665 2179 me
679 2126 750 2178 male
764 2124 845 2178 cauli.
879 2169 881 2174 .

201 2208 252 2269 Qui
265 2225 308 2261 me
322 2207 458 2277 possides,
473 2208 522 2261 ille
535 2212 630 2276 polest
643 2204 786 2257 devincere
800 2211 922 2258 cunutus.

94 2285 133 2347 2).
145 2283 183 2348 Θ.
197 2287 318 2357 Impedio
331 2287 451 2357 quemvis
465 2289 585 2352 hostem,
600 2303 634 2340 ne
648 2289 776 2338 transsui
789 2300 903 2342 amnem.
965 2295 969 2304 '
987 2305 990 2314 ·
1029 2297 1034 2308 ·

573 2498 618 2553 14.

157 2600 183 2654 1.
204 2597 255 2653 Hic
269 2599 345 2652 loeus
360 2604 415 2663 esi,
431 2616 483 2670 quo
498 2602 671 2664 venundant,
687 2617 756 2671 quse
771 2606 837 2654 sunl
849 2615 917 2668 opus
931 2602 961 2650 el
974 2613 1045 2668 quen

203 2678 265 2732 Non
279 2686 355 2742 sunl,
370 2679 469 2734 omniu.
489 2680 598 2732 Dextro
612 2697 672 2734 eme
686 2687 823 2750 tempore,
837 2677 978 2748 possideas
991 2683 1073 2742 turn,¹
1085 2689 1100 2742 ζ

205 2759 292 2820 Quum
306 2776 360 2812 non
373 2775 454 2828 porro
469 2775 563 2812 serere
576 2766 657 2828 poles
666 2799 737 2814 .....

113 2839 141 2894 2.
155 2839 183 2894 3.
203 2837 266 2892 Non
278 2838 375 2908 loquor
388 2855 508 2908 unquam
521 2839 656 2896 submissa
668 2857 748 2902 voee;
763 2837 850 2908 elige,
865 2838 959 2902 surde,

204 2917 249 2972 Me
263 2918 461 2988 praelectorem
468 2959 538 2974 .....

103 2996 139 3058 Q.
151 2993 189 3058 Θ.
202 2997 304 3051 Pellite
317 3015 390 3053 nune
402 3004 509 3052 vestros
522 2998 639 3053 medicos
653 2998 759 3051 doetus:
773 3011 827 3066 ego
840 2995 917 3059 veni,

206 3077 325 3133 Cunctos
338 3095 417 3141 euro,
431 3084 542 3132 eunelos
557 3095 637 3144 sunu,
652 3076 731 3147 quidl
746 3077 817 3132 dubo
831 3074 937 3129 eunetis

207 3161 356 3212 Aeternum
366 3158 464 3214 risum.

142 3260 255 3309 Bitias,
268 3259 398 3309 lenitum.
823 3231 827 3238 ἱ
927 3233 945 3286 4
