2534 3576
452 211 482 261 u
493 210 647 274 aenigmat·
656 210 784 270 syllabica.

589 360 636 416 77.

173 467 204 520 1.
223 466 275 519 Hie
289 471 372 520 natus
387 465 503 528 meram,
519 465 563 520 bio
577 467 696 531 adolevi,
711 467 836 522 Nestoris
850 483 936 522 annos

187 559 192 566 ·
220 546 286 600 Vixi
300 553 329 598 ei
342 545 490 615 pervitam
503 563 557 599 uon
570 547 674 600 mutavi
687 547 787 610 looum,
802 553 833 600 eb
846 563 938 601 omnes

221 627 333 680 Fratres
343 625 429 693 juxta
442 626 599 680 babilonios
616 623 656 691 (o,
672 632 737 680 suno
750 627 837 680 millia
849 625 948 694 mulia)
1044 653 1046 661 ι
1093 653 1096 660 ·

221 697 340 760 Serrani
353 706 425 758 huno
437 721 538 760 morem
545 745 617 761 .....

119 784 156 840 2.
173 783 200 838 3.
222 787 313 848 Quare
327 791 421 838 bantus
436 785 507 838 ine'si
520 786 608 838 fastus
622 785 691 839 tibi?
704 785 775 839 Num
789 792 839 839 tua
851 786 937 840 restis

220 867 302 919 Inilat
316 870 441 918 sensum?
455 865 550 918 Nonne
565 865 633 940 alios
644 864 715 934 jam,
731 865 846 937 legitimi
860 866 907 936 qui

220 947 396 999 Possessores
411 950 476 997 anbe
490 945 611 1008 fuerunt,
626 951 704 998 veste
718 945 826 998 calente
840 945 893 998 bao

221 1024 342 1078 Vestivib
356 1027 471 1077 natura?
481 1064 568 1078 ......

107 1100 156 1161 SD.
168 1099 205 1162 Θ.
219 1105 335 1157 Fructus
351 1103 378 1155 in
391 1103 533 1156 arboribus
547 1102 657 1165 oresoib,
673 1105 720 1156 sed
734 1119 788 1156 non
801 1103 876 1158 cibus
891 1103 938 1158 ille
953 1111 1004 1160 est.
1070 1161 1073 1171 ,

221 1186 321 1237 Vestes
336 1183 479 1236 oomioiunb
491 1201 529 1235 ex
542 1181 598 1235 illo.
620 1181 692 1236 Olim
706 1181 777 1236 foliis
792 1199 822 1236 se

220 1263 339 1318 Ficulnis
353 1268 494 1325 lexerunb,
511 1263 556 1314 sed
571 1277 624 1314 uon
637 1262 707 1314 haee
719 1268 799 1331 puio:
814 1268 907 1317 restes

221 1343 291 1396 Sunt
305 1342 504 1411 solidae‚.quas
518 1339 633 1411 quilibet
646 1342 734 1395 induit
746 1342 821 1395 hisae
835 1342 940 1398 diebus.

590 1494 635 1550 78.

116 1597 156 1650 ’1.
174 1595 201 1650 2.
224 1596 295 1652 Olim
308 1603 415 1662 castae,
431 1598 571 1668 integrao,
587 1614 641 1650 non
654 1594 726 1652 vitiis
740 1597 907 1660 maculatae,

221 1677 356 1747 Frugales
371 1678 586 1747 quaerebantur,
601 1678 649 1731 sed
663 1694 717 1730 nou
730 1677 771 1730 ita
784 1683 879 1732 nostro

222 1757 362 1830 Tempore.
385 1753 489 1822 (Virtus
503 1763 568 1826 post
581 1752 727 1822 nummosi)
737 1798 743 1810 .

171 1834 198 1889 3.
220 1837 307 1890 Caute
320 1836 404 1889 vineit
417 1836 514 1899 fortes,
529 1836 613 1890 vinoib
623 1837 735 1910 ¹moenia
748 1838 834 1900 firma.
1043 1895 1047 1904 .

221 1915 352 1985 Tempore
366 1916 445 1980 belli,
460 1921 582 1986 tempore
595 1916 672 1984 paois
685 1916 748 1985 plus
762 1917 839 1969 veleb
851 1915 965 1980 haeooe,

221 1994 307 2057 Quam
321 2001 397 2048 lotae
411 1995 483 2048 vires
491 2034 564 2050 .....
914 1997 918 2006 “

114 2070 156 2131 Θ.
166 2067 204 2130 Θ.
219 2075 364 2143 Supremus
378 2076 482 2145 gradus
496 2081 539 2128 esi
551 2075 620 2128 haeo
634 2073 807 2144 posterioris,
822 2090 949 2143 eamque,

222 2154 328 2222 Optime
343 2153 441 2218 amieo,
456 2159 554 2208 cavebo
561 2193 635 2210 .....

583 2299 635 2362 79·
670 2306 675 2320 ,

82 2435 86 2442 ·
172 2411 198 2466 l.
220 2409 403 2502 circumcludo
415 2425 517 2481 pagos,
531 2411 622 2465 inoola
634 2427 677 2464 me
691 2409 769 2473 colit,
784 2408 861 2463 illum
969 2429 974 2476 j

169 2569 197 2624 2.
217 2491 331 2623 iffi&
340 2531 415 2634 subi,
429 2587 524 2624 rerum
534 2585 644 2638 semper
657 2585 715 2623 mas
728 2595 770 2609 ·-·
783 2567 894 2639 saepius
909 2567 936 2621 id
949 2568 968 2621 fi
990 2593 1031 2608 ··-

220 2649 325 2703 Uxores
338 2651 432 2720 plures
445 2650 531 2703 habeb
539 2687 612 2704 .....
623 2677 627 2688 «

113 2725 155 2786 Θ.
164 2722 203 2786 Θ.
216 2730 330 2783 Possum
344 2731 482 2783 delectare
494 2730 621 2799 palatum
635 2757 671 2770 -·-
687 2729 803 2799 quilibet
815 2729 867 2782 boo
881 2727 932 2782 scil
947 2755 982 2765 —

219 2812 272 2867 Sed
285 2829 340 2864 nou
353 2809 486 2894 quoiidim
500 2815 620 2864 testatur
633 2809 731 2864 fabula
744 2813 818 2864 nota.
842 2835 845 2840 ·
917 2831 919 2838 ·

586 2966 634 3022 80.

173 3073 199 3128 1.
220 3073 275 3126 Per
287 3063 378 3130 varias
391 3087 436 3130 res
450 3070 565 3126 liseur
578 3069 642 3134 libi,
657 3068 716 3130 sed.
732 3065 824 3138 gladio
838 3083 872 3120 ue

220 3151 360 3223 Aeoipias,
375 3167 455 3216 care,
470 3149 593 3204 letiferos
608 3148 661 3212 tibi
671 3163 736 3208 uam
747 3146 828 3204 fooile
841 3145 890 3202 ille
902 3150 968 3202 esi„
1004 3193 1006 3198 .
