2534 3576
448 213 479 262 ll.
490 214 644 278 Aenigmata
654 216 785 276 syllables.

598 365 626 423 8·
640 331 648 340 .

176 471 202 525 l.
223 469 304 525 lllarn
312 467 365 539 qni
378 468 463 523 sentit
474 467 560 524 nsnlti.
567 469 721 540 plangunt,
735 469 845 541 patiens
853 470 908 535 sit}

220 549 329 603 Fortior
343 554 386 603 est
399 564 520 618 semper,
535 549 581 620 qui
593 555 682 604 vexat
694 565 757 604 eum
758 589 830 606 .....

126 629 155 686 2.
170 628 200 684 3.
220 629 260 683 Et
271 628 383 683 sceleris
396 644 482 697 purus
495 645 538 682 nse
552 627 716 684 summisisse
730 629 844 686 ratetum

106 705 148 769 m.
159 704 199 768 Θ.
219 709 306 772 Delo,
321 710 431 762 destrue
445 724 500 771 me,
515 708 725 782 quamprimum
738 715 820 764 natus
835 727 889 782 ego
903 727 975 774 sunu

221 787 371 842 Confestim
383 787 538 842 innumeros
552 788 623 843 alins
637 788 739 860 gigne,
753 789 853 844 similes
868 789 914 863 qui

220 867 291 923 Sunt
304 866 370 940 nribi
377 907 465 926 ......

598 1073 626 1128 4.

172 1177 198 1234 1.
218 1176 300 1232 Multi
314 1183 379 1231 sunt
392 1177 480 1241 eueni,
495 1177 540 1247 qni
553 1193 597 1231 me
610 1193 665 1231 nnn
679 1192 791 1232 eernere
804 1184 930 1247 possunt.

219 1258 354 1312 Arborum
368 1275 415 1311 ens
428 1273 546 1327 namque
558 1257 673 1328 impedit
687 1257 786 1328 ingens
801 1257 890 1328 eopia.
911 1258 1009 1313 Nonne

219 1331 429 1392 Commis'erandi
442 1341 525 1390 sunt?
533 1377 621 1394 ......

168 1417 196 1472 2.
217 1417 305 1472 Unum
319 1433 391 1478 sum:
404 1416 542 1486 pluralem
556 1423 587 1470 tu
601 1433 680 1480 esve,
696 1433 777 1469 eoeee
790 1416 902 1471 marite!

109 1495 148 1557 SD.
157 1493 196 1557 Θ.
216 1498 263 1552 Me
276 1496 380 1550 eminus
394 1496 458 1550 audi
471 1503 564 1560 node,
579 1503 609 1550 et
622 1495 807 1550 delectabitur
820 1496 904 1552 auris.

598 1695 626 1754 5.

129 1801 156 1855 l.
172 1800 200 1855 2.
221 1800 263 1854 'lu
275 1816 318 1853 me
331 1815 385 1853 nnn
399 1799 451 1853 vis.
471 1799 575 1854 Visne?
588 1800 709 1854 libenter
722 1798 848 1870 porrigo,
863 1800 911 1852 sed
924 1816 960 1852 ne

220 1879 367 1934 Desideres
380 1880 457 1950 plus!
472 1879 557 1934 Visne
570 1884 697 1935 manum?
711 1895 766 1934 non
778 1878 906 1949 porrigo,
921 1879 999 1935 seito.

173 1959 201 2014 3.
220 1959 274 2013 Est
286 1959 364 2012 sedes
377 1975 439 2012 mea
451 1975 507 2013 nen
519 1960 591 2024 fixa,
607 1964 650 2013 est
663 1958 817 2021 mutabilis,
831 1963 864 2011 ut
877 1957 938 2015 seis.

219 2039 329 2093 Pendeo
342 2055 414 2092 nune
427 2039 455 2092 in
469 2039 561 2103 elarn,
575 2055 647 2094 nune
659 2056 703 2093 nne
717 2038 831 2092 brachia
844 2038 977 2102 condunt:

220 2119 253 2172 In
265 2119 392 2173 manibus
405 2134 478 2171 nune
490 2125 586 2189 portor
599 2120 634 2174 ab
649 2118 705 2182 his,
720 2124 750 2172 et
761 2123 858 2189 pnrtnr
870 2117 906 2170 ab
920 2118 975 2173 illis

221 2199 254 2252 In
268 2198 358 2268 eapite
367 2237 453 2253 ......

107 2275 147 2338 Q.
158 2261 205 2337 Θ.
217 2277 247 2332 Si
260 2285 289 2331 te
301 2276 404 2348 pnngit
416 2293 482 2330 aeus
496 2276 599 2330 satirae
613 2283 644 2330 et
657 2281 688 2330 tu
700 2276 836 2331 vulnerna
849 2278 950 2342 sentis,
1038 2295 1043 2302 “

221 2357 282 2412 Non
297 2357 443 2412 defendere
457 2373 581 2426 possum,
597 2355 645 2409 s'ed
658 2356 805 2411 defendere
818 2373 931 2428 possum

213 2440 240 2491 Δ
252 2443 355 2506 puncto
368 2435 493 2508 vulgaris
508 2452 574 2490 aeus
587 2441 626 2490 te.

598 2656 626 2713 6.

175 2761 201 2815 1.
223 2759 246 2814 0
260 2760 351 2824 Deus,
365 2775 485 2824 oramus,
501 2757 634 2828 locupleti
648 2760 868 2830 pauperibusque

219 2839 278 2904 Da,
293 2840 364 2910 quod
378 2840 489 2910 syllaba
502 2839 609 2910 signat,
623 2844 657 2892 ut
670 2853 763 2892 ornnes
776 2839 870 2893 rivere
882 2836 1003 2907 possint;

219 2919 320 2974 Pannis
333 2925 435 2974 natura
448 2923 492 2972 est
505 2925 637 2974 contenta
645 2955 716 2974 .....
850 2988 851 2992 ¹

173 2997 200 3053 2.
211 2998 283 3072 'Sint
295 3000 374 3053 modo
387 2998 476 3070 parci!
492 2999 569 3060 Quod
584 3002 722 3069 superest,
737 2995 764 3050 id
778 2994 894 3066 colligat
907 2997 992 3052 omnis

159 3119 161 3125 ,
220 3079 253 3133 In
266 3094 329 3133 vas:
343 3078 479 3149 posterior
491 3094 589 3132 nomen
603 3077 654 3132 tibi
667 3077 780 3146 syllaba
793 3075 867 3132 dicit.

112 3156 149 3217 ii).
159 3153 197 3217 Θ.
218 3159 326 3212 Adsunt
340 3159 363 3213 si
377 3157 501 3223 fastidia,
516 3163 604 3212 totum
616 3157 739 3226 pendeat
751 3156 818 3211 alte.
