2534 3576
165 207 209 273 34
492 219 512 268 1.
524 220 678 284 Aenigmata
688 221 851 271 nominalia..
895 193 897 212 Ι

634 371 700 429 149.

162 479 229 535 Fert
242 493 363 541 carnem,
377 473 477 546 premit
487 479 521 527 et
534 489 655 538 carnem,
671 475 734 530 dum
749 475 838 530 fertur
850 477 887 530 ab
901 476 963 542 illa,

201 555 349 629 Sanguinis
363 562 393 610 et
406 553 495 609 carnis
509 552 549 606 nil
562 553 713 608 habetilla
725 559 828 638 tamen.

634 759 699 816 150.

160 867 350 941 Principioqnc
364 871 394 920 et
406 865 460 920 linc
474 881 586 931 carens,
596 864 660 922 'aine
674 865 775 922 lumine
787 866 876 932 ritae,

200 947 331 1005 Perradit
344 945 426 1001 celeri
440 945 593 1001 mobilitate
606 946 687 1003 viam.

633 1149 698 1204 151.

159 1253 232 1310 Dum
245 1249 372 1324 glacialis
385 1250 470 1305 hieme
484 1255 573 1304 terras
588 1255 740 1320 exasperat
752 1267 858 1315 omnes,
918 1307 921 1316 ,

159 1327 225 1389 Sum
237 1333 311 1386 nuda
325 1336 407 1401 atque
422 1332 490 1383 cubo
505 1329 601 1399 positis
616 1346 635 1383 a
648 1346 764 1400 corpore
778 1331 885 1401 plumis.

159 1411 273 1468 'l'crrida
286 1427 368 1482 quum
380 1410 495 1480 primum
508 1408 657 1480 meliorque
671 1410 819 1464 revertitur
832 1416 942 1476 aestas,

158 1492 277 1548 Velatur
288 1506 387 1560 corpus
400 1488 498 1560 pennis
512 1503 545 1542 ac
558 1491 679 1544 membra
692 1495 828 1561 teguntur

158 1573 197 1628 Et
210 1569 312 1625 sobolis
326 1575 437 1623 nostrae
451 1561 545 1623 curam
558 1568 600 1622 vir
614 1569 728 1638 suscipit
742 1570 824 1624 alter.

157 1655 184 1705 A
197 1650 307 1721 proprio
321 1656 406 1703 cantu
418 1653 536 1718 possunt
548 1665 591 1702 me
604 1664 717 1702 noscere
732 1649 839 1713 cuncti,

156 1730 195 1785 Et
208 1730 232 1783 ai
241 1728 302 1799 jam
315 1744 453 1792 canerem,
469 1727 565 1792 scires,
581 1731 630 1783 sed
643 1728 685 1782 dic
698 1727 775 1791 mihi,
791 1744 862 1800 qnae
877 1729 946 1784 sim?

630 1928 696 1984 152.

156 2031 271 2105 Ignibus
286 2032 314 2087 in
327 2029 420 2086 mediis
433 2030 527 2086 vivens
541 2048 596 2085 non
611 2029 698 2086 sentio
712 2031 847 2096 flammas,

156 2112 212 2169 seo
225 2111 389 2166 detrimenta
401 2110 463 2182 rogi
476 2111 586 2181 penitus
601 2111 719 2166 ludibrio
732 2111 812 2174 iax03

81 2217 86 2236 ν
156 2193 215 2249 Nec
229 2191 383 2262 crepitante
396 2191 471 2255 ioco,
486 2209 537 2244 nec
551 2192 721 2246 scintillante
735 2192 833 2246 favilla

156 2274 261 2335 Ardet),
276 2273 325 2326 sed
336 2272 461 2324 flammae
474 2271 605 2342 flagranti
618 2278 693 2326 torre
706 2277 827 2340 tepesco.

629 2445 694 2504 153.

155 2550 247 2611 Maur
260 2557 322 2604 erat
335 2549 432 2612 tellus,
447 2548 558 2620 genitor
571 2548 625 2602 fuit
637 2549 696 2619 ipsa
709 2548 902 2614 Prometheus,

155 2628 357 2710 Auticulaeqne
370 2634 473 2699 regunt
485 2627 626 2682 redimitae
640 2634 736 2682 ventre
751 2636 859 2686 cavato.

155 2709 229 2764 Dum
241 2710 326 2762 cecidi
337 2707 448 2772 infelix,
461 2712 549 2762 mater
562 2725 624 2762 mea
637 2725 680 2762 me
695 2707 793 2763 divisit.

626 2897 690 2954 154.

156 2999 224 3056 (lum
236 2999 315 3055 vultu
327 3000 440 3071 pungit,
455 3017 516 3056 cnm
528 3001 618 3056 verbis
633 3001 749 3056 dulciter
761 3002 857 3074 ungit;

155 3081 292 3136 effectum
304 3080 397 3152 fingit,
413 3082 558 3151 complexu
571 3088 685 3152 pectora
699 3083 825 3154 stringit3

154 3160 185 3224 Si
197 3178 241 3216 res
254 3160 389 3233 procedit,
405 3160 522 3218 animam
536 3179 597 3217 cum
611 3177 723 3232 corpore
737 3161 830 3216 laedit.
