2534 3576
132 197 197 278 “lot
481 220 664 286 11111111
673 220 820 272 amunia:
862 185 865 192 ’

545 423 548 430 .
617 371 689 428 179.’

146 478 283 551 Negligor
296 477 411 534 certetis
425 477 507 541 vitio:
522 479 587 532 c'um'
595 477 683 549 frigus
697 477 835 543 inhorret,

185 558 297 631 Diligor
309 565 339 614 et
352 557 458 613 cunctis
471 557 546 611 dicor
559 557 648 612 amice
659 556 753 613 modis.

146 642 186 694 At
198 654 253 693 non
267 645 365 710 sponte
377 653 439 693 mes
451 653 562 708 possum
574 639 719 707 prodesse:
732 637 890 709 priusquam

186 718 330 784 Proiuero,
345 722 443 774 venter
455 716 492 772 mi
505 715 654 772 calefactus
669 717 730 772 erit.

617 897 682 956 188.

137 1003 295 1070 11111111,
311 1021 361 1057 nec
375 1003 488 1076 sanguis
502 1005 580 1071 mihi,
596 1022 655 1060 sum
669 1007 716 1059 sed
729 1010 845 1074 utroque
859 1009 996 1066 creatus,‘

186 1084 224 1138 Et
237 1099 346 1138 curnem
359 1090 389 1138 ot
402 1101 527 1156 sanguen
541 1102 625 1155 scepe
638 1101 689 1154 per
702 1084 762 1138 olto
779 1083 852 1138 tuli‘

145 1163 239 1228 Nunc,
255 1163 300 1232 qui
314 1180 356 1217 me
369 1163 496 1235 glabram
509 1165 575 1220 iecit
587 1165 734 1234 rapuitque
747 1163 907 1228 medullam,

187 1242 277 1313 Hujus
290 1243 319 1297 in
332 1243 421 1298 officio
436 1244 532 1302 sedulo
545 1260 652 1314 semper
664 1259 730 1315 ogo.

616 1420 682 1477 181.

146 1521 259 1593 Ecquod
271 1521 301 1575 in
313 1521 356 1576 his
370 1522 451 1578 terris
466 1521 568 1579 1111111
582 1530 640 1580 tom
652 1523 720 1580 vivit
732 1523 848 1588 inerme,

187 1602 307 1672 'lemque
321 1601 430 1660 imbelle
443 1620 541 1674 pecus,
556 1603 598 1658 dic
611 1603 688 1668 mihi,
704 1605 785 1674 quele
799 1603 868 1659 iuitl
1035 1671 1041 1684 x

148 1680 198 1737 Cui
212 1699 266 1753 ego
279 1699 333 1736 non
347 1682 464 1749 animos,
479 1684 522 1740 oui
536 1701 590 1739 non
603 1702 657 1756 ego
671 1699 774 1740 cornua
785 1699 919 1754 promam:

187 1760 280 1827 Bello,
295 1760 447 1818 inimicitius
462 1763 571 1834 saepius
585 1765 648 1834 ipso
661 1781 732 1820 creo.

618 1935 684 1992 182.

147 2036 200 2092 Est
213 2036 370 2111 quidquem,
386 2044 513 2094 constans
528 2044 585 2094 tum
599 2055 680 2093 corne
695 2043 724 2091 et
737 2036 886 2109 sanguim
899 2035 996 2091 miscet

188 2116 227 2171 Et
239 2118 314 2171 bono
326 2135 411 2189 coepe
424 2119 517 2185 molis,
532 2125 562 2173 et
574 2119 649 2174 mulo
661 2133 746 2189 saepe
759 2117 846 2172 bonis.

147 2196 210 2251 Non
223 2212 285 2251 1111
298 2197 418 2269 instituit
432 2215 492 2254 cum
505 2201 589 2254 coede
603 2205 633 2254 et
646 2198 780 2269 sunguine
794 2197 912 2264 bellum,

188 2276 251 2332 Non
263 2293 326 2332 roro
339 2278 436 2332 leudes
450 2278 505 2334 fert
517 2279 618 2334 homini
631 2284 716 2349 utque
729 2279 799 2334 Deo.

619 2455 684 2513 183.

150 2557 180 2613 si
192 2575 235 2614 me
249 2558 411 2632 conspicies,
425 2578 467 2615 me
481 2567 576 2616 nutem
590 2564 625 2618 eb
639 2561 768 2618 arundine
783 2577 892 2628 censes,

189 2638 297 2694 sivero
311 2639 441 2705 audieris,
456 2657 499 2696 me
513 2641 617 2698 tonitru
631 2659 691 2698 esse
704 2647 796 2712 putes.

150 2715 203 2772 Sed
219 2721 289 2791 quod
302 2719 439 2776 mortifero
454 2737 515 2774 mee
528 2721 642 2777 1111111111
655 2739 767 2776 consero
781 2729 871 2786 tuctus
968 2731 973 2742 “

96 2835 101 2846 -
189 2798 310 2868 ipsemet
322 2808 356 2854 ut
366 2799 473 2856 renium
486 2818 541 2855 non
555 2819 622 2872 opus
637 2819 698 2856 esse
712 2817 782 2856 reor.

623 2981 687 3038 184,

150 3085 215 3142 Sum
228 3085 354 3158 capitose
367 3085 458 3152 nimis,
471 3088 608 3161 variisque
622 3089 733 3160 objecto
745 3089 867 3159 periclis,

191 3166 275 3222 Curro
288 3165 347 3222 viss
361 3165 473 3238 longos.
488 3169 671 3224 firme-temen
685 3183 792 3227 moneo.
