2548 3572
532 183 576 232 IV.
587 186 759 234 Miscellenee.

245 335 337 400 Felix,
353 353 433 406 quem
445 336 550 390 faciunt
563 337 678 392 eliorum
688 336 785 408 jurgia
798 343 915 391 eeuium.

244 416 338 479 Felix,
354 433 433 486 quem
447 416 552 470 faciunt
567 417 681 471 eliorum
696 418 828 488 stigmata
842 422 961 471 cautum.

244 495 339 560 Felix,
354 513 434 565 quem
447 495 554 549 faciunt
567 496 644 568 vulgi
657 495 799 550 mendacia
812 502 930 551 cautum.

243 575 337 639 Felix,
353 592 432 645 quem
446 575 551 628 iaciunt
565 577 646 630 sortis
659 575 778 630 ludibria
792 582 909 630 cautum.
946 623 948 628 .

243 655 333 719 Felix,
350 671 430 725 quem
443 655 550 709 faciunt
562 657 687 726 perlecta
699 656 837 710 volumine
850 657 967 710 (loetum.

242 734 336 798 Felix,
352 751 432 805 quem
445 734 550 789 faciunt
563 731 719 806 conscripta
732 735 871 789 volumina
883 742 986 792 nolum.
1021 735 1022 740 ’

241 815 335 878 Felix,
351 830 430 884 quem
443 814 549 868 faciunt
561 815 638 869 verbi
653 815 754 870 solatia
766 821 880 870 eertum.

241 894 335 959 Felix,
350 911 431 964 quem
444 894 548 949 faciunt
562 895 630 949 eoeli
643 894 775 966 mysteria
788 900 846 949 mul
893 935 899 948 .

241 974 334 1041 Felix,
349 991 429 1044 quem
442 974 548 1028 feeiunt
561 975 692 1029 virtutum
706 975 870 1028 emblemate
883 973 1015 1044 pulcrum.
1044 1009 1046 1014 ·

240 1053 334 1117 Felix,
350 1070 429 1123 quem
442 1054 547 1109 leniunt
560 1053 691 1108 virtutum
704 1053 826 1124 praemia
839 1069 967 1125 gnavum.

239 1133 334 1199 Felix,
349 1150 430 1204 quem
443 1133 549 1187 faciunt
560 1139 684 1204 purgata
696 1132 807 1202 piacula
820 1135 955 1186 mundum.

239 1213 333 1278 Felix,
349 1229 429 1283 quem
442 1213 546 1266 leniunt
560 1213 641 1266 animi
656 1229 707 1267 sue
720 1212 823 1284 gaudia
836 1213 948 1266 laetum.

239 1293 332 1358 Felix,
348 1309 427 1363 quem
441 1292 546 1344 faciunt
559 1293 627 1346 recti
641 1293 778 1346 molimine
792 1298 911 1364 gratum.

239 1373 333 1438 Felix,
348 1388 427 1441 quem
440 1370 545 1425 faciunt
554 1370 625 1440 juris
640 1371 786 1426 dictamina
795 1371 911 1442 justum.

239 1452 332 1516 Felix,
349 1468 428 1520 quem
440 1450 548 1504 faciunt
559 1454 720 1524 peragenda
732 1451 847 1524 negotia
859 1456 1002 1521 promtum.

238 1531 331 1594 Felix,
347 1547 427 1600 quem
440 1528 545 1584 faciunt
559 1538 669 1586 servate
682 1531 793 1585 silentia
805 1533 893 1586 fidum.

238 1610 330 1675 Felix,
345 1626 425 1679 quem
438 1608 544 1664 faciunt
557 1615 689 1664 tectorum
703 1611 865 1664 habitacula
877 1609 986 1667 siecum.

238 1689 333 1754 Felix,
348 1705 427 1758 quem
441 1688 546 1741 leniunt
559 1690 683 1758 plumata
697 1690 798 1742 cubilia
812 1691 927 1746 caldune

238 1769 332 1834 Felix,
347 1785 426 1838 quem
440 1767 545 1821 feeiunl
557 1769 673 1839 plantae
687 1768 863 1823 medicamine
877 1786 982 1825 eanum.

238 1850 331 1913 Felix,
347 1866 426 1919 quem
439 1847 544 1902 faciunt
557 1848 647 1902 famae
660 1849 808 1920 praeconia
821 1850 932 1903 clerum.
1014 1919 1016 1924 Ι

237 1929 331 1994 Felix,
347 1946 427 2000 quem
440 1927 545 1983 faciunt
560 1936 693 2000 congesta
706 1928 869 1984 numismata
882 1929 974 1984 ditem.

237 2009 330 2073 Felix,
346 2025 426 2079 quem
439 2007 544 2063 faciunt
556 2008 624 2062 belli
638 2008 780 2063 conamine
793 2009 900 2063 fortem.

237 2088 332 2152 Felix‚·
345 2105 425 2158 quem
438 2087 543 2142 faciunt
556 2089 636 2160 regni
650 2089 804 2143 diademate
818 2089 927 2143 celsum.

237 2167 330 2231 Felix,
346 2185 424 2237 quem
438 2167 544 2222 iaciunt
556 2168 705 2223 fortissima
718 2168 825 2223 moenie
837 2174 935 2222 tutum.

237 2247 332 2310 Felix,
347 2264 428 2316 quem
441 2247 547 2302 faciunt
559 2247 621 2301 fidei
635 2249 793 2303 fundamine
806 2250 920 2305 salvum.

237 2326 330 2390 Felix,
346 2342 425 2395 quem
439 2327 542 2380 faciunt
555 2328 689 2381 eoelestia
702 2328 813 2382 numine
825 2329 953 2382 seusium.

236 2407 298 2464 Non
310 2411 446 2471 nostrum,
460 2405 594 2460 internos
609 2413 703 2461 tentes
717 2424 877 2478 componere
891 2407 968 2463 lites:

239 2487 400 2544 claudemus
415 2486 523 2540 tandem
538 2486 625 2550 rivos,
640 2493 685 2540 sat
697 2493 780 2557 prete
793 2487 929 2545 biberunt.
1039 2485 1042 2494 '
