<?xml version="1.0" encoding="UTF-8"?>
<!DOCTYPE html PUBLIC "-//W3C//DTD XHTML 1.0 Transitional//EN"
    "http://www.w3.org/TR/xhtml1/DTD/xhtml1-transitional.dtd">
<html xmlns="http://www.w3.org/1999/xhtml" xml:lang="en" lang="en">
 <head>
  <title>
</title>
<meta http-equiv="Content-Type" content="text/html;charset=utf-8" />
  <meta name='ocr-system' content='tesseract 3.04.00' />
  <meta name='ocr-capabilities' content='ocr_page ocr_carea ocr_par ocr_line ocrx_word'/>
</head>
<body>
  <div class='ocr_page' id='page_1' title='image "./floresaenigmatu00bindgoog/floresaenigmatu00bindgoog_0059.png"; bbox 0 0 2534 3576; ppageno 0'>
   <div class='ocr_carea' id='block_1_1' title="bbox 149 185 830 266">
    <p class='ocr_par' dir='ltr' id='par_1_1' title="bbox 149 185 830 266">
     <span class='ocr_line' id='line_1_1' title="bbox 149 185 830 266; baseline -0.016 -10"><span class='ocrx_word' id='word_1_1' title='bbox 149 185 203 266; x_wconf 52' lang='grc'><strong>’,118</strong></span> <span class='ocrx_word' id='word_1_2' title='bbox 489 196 830 261; x_wconf 69' lang='lat' dir='ltr'><strong>,11.Asnigmstssyuosios.</strong></span> 
     </span>
    </p>
   </div>
   <div class='ocr_carea' id='block_1_2' title="bbox 648 349 675 406">
    <p class='ocr_par' dir='ltr' id='par_1_2' title="bbox 648 349 675 406">
     <span class='ocr_line' id='line_1_2' title="bbox 648 349 675 406; baseline 0 0"><span class='ocrx_word' id='word_1_3' title='bbox 648 349 675 406; x_wconf 76' lang='lat'><strong>⁷.</strong></span> 
     </span>
    </p>
   </div>
   <div class='ocr_carea' id='block_1_3' title="bbox 159 453 1080 601">
    <p class='ocr_par' dir='ltr' id='par_1_3' title="bbox 159 453 1080 601">
     <span class='ocr_line' id='line_1_3' title="bbox 159 453 1080 526; baseline -0.008 -13"><span class='ocrx_word' id='word_1_4' title='bbox 159 459 227 513; x_wconf 82' lang='lat' dir='ltr'><strong>Ver</strong></span> <span class='ocrx_word' id='word_1_5' title='bbox 239 455 305 512; x_wconf 87' lang='lat' dir='ltr'><strong>mihi</strong></span> <span class='ocrx_word' id='word_1_6' title='bbox 318 455 390 510; x_wconf 80' lang='lat' dir='ltr'><strong>ferro</strong></span> <span class='ocrx_word' id='word_1_7' title='bbox 403 460 498 526; x_wconf 83' lang='lat' dir='ltr'><strong>potest</strong></span> <span class='ocrx_word' id='word_1_8' title='bbox 510 453 639 524; x_wconf 76' lang='lat' dir='ltr'><strong>prinum,</strong></span> <span class='ocrx_word' id='word_1_9' title='bbox 655 469 709 508; x_wconf 89' lang='lat' dir='ltr'><strong>sus</strong></span> <span class='ocrx_word' id='word_1_10' title='bbox 723 453 796 509; x_wconf 72' lang='lat' dir='ltr'><strong>terre</strong></span> <span class='ocrx_word' id='word_1_11' title='bbox 810 455 970 518; x_wconf 70' lang='lat' dir='ltr'><strong>seeundum</strong></span> <span class='ocrx_word' id='word_1_12' title='bbox 1075 469 1080 516; x_wconf 72' lang='grc' dir='ltr'>ζ</span> 
     </span>
     <span class='ocr_line' id='line_1_4' title="bbox 201 531 750 601; baseline -0.005 -10"><span class='ocrx_word' id='word_1_13' title='bbox 201 536 269 600; x_wconf 82' lang='lat' dir='ltr'><strong>Quid</strong></span> <span class='ocrx_word' id='word_1_14' title='bbox 284 552 348 590; x_wconf 83' lang='lat' dir='ltr'><strong>vero</strong></span> <span class='ocrx_word' id='word_1_15' title='bbox 363 542 453 601; x_wconf 87' lang='lat' dir='ltr'><strong>totus,</strong></span> <span class='ocrx_word' id='word_1_16' title='bbox 467 531 602 596; x_wconf 71' lang='lat' dir='ltr'><strong>,distichon</strong></span> <span class='ocrx_word' id='word_1_17' title='bbox 616 533 688 588; x_wconf 87' lang='lat' dir='ltr'><strong>istud</strong></span> <span class='ocrx_word' id='word_1_18' title='bbox 702 532 750 588; x_wconf 87' lang='lat' dir='ltr'><strong>uit.</strong></span> 
     </span>
    </p>
   </div>
   <div class='ocr_carea' id='block_1_4' title="bbox 647 729 701 786">
    <p class='ocr_par' dir='ltr' id='par_1_4' title="bbox 647 729 701 786">
     <span class='ocr_line' id='line_1_5' title="bbox 647 729 701 786; baseline -0.019 -31"><span class='ocrx_word' id='word_1_19' title='bbox 647 729 701 786; x_wconf 54' lang='lat'><strong>3„</strong></span> 
     </span>
    </p>
   </div>
   <div class='ocr_carea' id='block_1_5' title="bbox 117 836 1087 1228">
    <p class='ocr_par' dir='ltr' id='par_1_5' title="bbox 117 836 1027 989">
     <span class='ocr_line' id='line_1_6' title="bbox 117 836 1027 912; baseline -0.009 -12"><span class='ocrx_word' id='word_1_20' title='bbox 117 895 120 906; x_wconf 28' lang='lat' dir='ltr'>f</span> <span class='ocrx_word' id='word_1_21' title='bbox 164 846 188 900; x_wconf 88' lang='lat'><strong>1.</strong></span> <span class='ocrx_word' id='word_1_22' title='bbox 199 843 226 899; x_wconf 83' lang='lat'><strong>2.</strong></span> <span class='ocrx_word' id='word_1_23' title='bbox 238 841 264 898; x_wconf 91' lang='grc'><strong>3.</strong></span> <span class='ocrx_word' id='word_1_24' title='bbox 285 839 420 895; x_wconf 76' lang='lat' dir='ltr'><strong>Maximus</strong></span> <span class='ocrx_word' id='word_1_25' title='bbox 435 836 475 891; x_wconf 88' lang='lat' dir='ltr'><strong>illi</strong></span> <span class='ocrx_word' id='word_1_26' title='bbox 488 837 575 891; x_wconf 88' lang='lat' dir='ltr'><strong>honor</strong></span> <span class='ocrx_word' id='word_1_27' title='bbox 589 842 633 891; x_wconf 89' lang='lat' dir='ltr'><strong>est</strong></span> <span class='ocrx_word' id='word_1_28' title='bbox 646 838 820 912; x_wconf 85' lang='lat' dir='ltr'><strong>tribuendus,</strong></span> <span class='ocrx_word' id='word_1_29' title='bbox 832 837 967 912; x_wconf 17' lang='lat' dir='ltr'><strong>*militibus</strong></span> <span class='ocrx_word' id='word_1_30' title='bbox 981 838 1027 910; x_wconf 88' lang='lat' dir='ltr'><strong>qui</strong></span> 
     </span>
     <span class='ocr_line' id='line_1_7' title="bbox 286 916 705 989; baseline 0.005 -15"><span class='ocrx_word' id='word_1_31' title='bbox 286 921 381 975; x_wconf 78' lang='lat' dir='ltr'><strong>Totius</strong></span> <span class='ocrx_word' id='word_1_32' title='bbox 394 927 507 989; x_wconf 74' lang='lat' dir='ltr'><strong>praeest</strong></span> <span class='ocrx_word' id='word_1_33' title='bbox 520 916 671 988; x_wconf 73' lang='lat' dir='ltr'><strong>legionis..</strong></span> <span class='ocrx_word' id='word_1_34' title='bbox 681 958 705 976; x_wconf 88' lang='lat'><strong>..</strong></span> 
     </span>
    </p>

    <p class='ocr_par' dir='ltr' id='par_1_6' title="bbox 200 997 1087 1228">
     <span class='ocr_line' id='line_1_8' title="bbox 200 997 969 1069; baseline -0.009 -11"><span class='ocrx_word' id='word_1_35' title='bbox 200 1004 227 1058; x_wconf 84' lang='lat'><strong>4.</strong></span> <span class='ocrx_word' id='word_1_36' title='bbox 239 1002 266 1057; x_wconf 84' lang='lat'><strong>5.</strong></span> <span class='ocrx_word' id='word_1_37' title='bbox 287 999 334 1054; x_wconf 85' lang='lat' dir='ltr'><strong>Me</strong></span> <span class='ocrx_word' id='word_1_38' title='bbox 347 1004 426 1068; x_wconf 82' lang='lat' dir='ltr'><strong>pete,</strong></span> <span class='ocrx_word' id='word_1_39' title='bbox 442 997 465 1051; x_wconf 91' lang='lat' dir='ltr'><strong>si</strong></span> <span class='ocrx_word' id='word_1_40' title='bbox 479 997 607 1067; x_wconf 84' lang='lat' dir='ltr'><strong>peoossti.</strong></span> <span class='ocrx_word' id='word_1_41' title='bbox 630 998 660 1053; x_wconf 91' lang='lat' dir='ltr'><strong>ln</strong></span> <span class='ocrx_word' id='word_1_42' title='bbox 672 1014 768 1069; x_wconf 80' lang='lat' dir='ltr'><strong>pugno</strong></span> <span class='ocrx_word' id='word_1_43' title='bbox 782 997 892 1068; x_wconf 72' lang='lat' dir='ltr'><strong>saepius</strong></span> <span class='ocrx_word' id='word_1_44' title='bbox 906 997 969 1062; x_wconf 86' lang='lat' dir='ltr'><strong>ille,</strong></span> 
     </span>
     <span class='ocr_line' id='line_1_9' title="bbox 287 1077 1021 1148; baseline -0.003 -16"><span class='ocrx_word' id='word_1_45' title='bbox 287 1079 339 1142; x_wconf 79' lang='lat' dir='ltr'><strong>Qui</strong></span> <span class='ocrx_word' id='word_1_46' title='bbox 352 1095 407 1132; x_wconf 85' lang='lat' dir='ltr'><strong>uon</strong></span> <span class='ocrx_word' id='word_1_47' title='bbox 421 1077 559 1148; x_wconf 73' lang='lat' dir='ltr'><strong>peccavit,</strong></span> <span class='ocrx_word' id='word_1_48' title='bbox 575 1079 622 1131; x_wconf 84' lang='lat' dir='ltr'><strong>sed</strong></span> <span class='ocrx_word' id='word_1_49' title='bbox 635 1077 777 1146; x_wconf 76' lang='lat' dir='ltr'><strong>praestitit</strong></span> <span class='ocrx_word' id='word_1_50' title='bbox 790 1095 880 1142; x_wconf 84' lang='lat' dir='ltr'><strong>omne,</strong></span> <span class='ocrx_word' id='word_1_51' title='bbox 896 1079 967 1148; x_wconf 90' lang='lat' dir='ltr'><strong>quod</strong></span> <span class='ocrx_word' id='word_1_52' title='bbox 981 1077 1021 1130; x_wconf 89' lang='lat' dir='ltr'><strong>illi</strong></span> 
     </span>
     <span class='ocr_line' id='line_1_10' title="bbox 286 1156 1087 1228; baseline -0.005 -14"><span class='ocrx_word' id='word_1_53' title='bbox 286 1160 487 1214; x_wconf 67' lang='lat' dir='ltr'><strong>Praestandum</strong></span> <span class='ocrx_word' id='word_1_54' title='bbox 499 1157 566 1221; x_wconf 85' lang='lat' dir='ltr'><strong>fuit,</strong></span> <span class='ocrx_word' id='word_1_55' title='bbox 580 1157 681 1210; x_wconf 87' lang='lat' dir='ltr'><strong>invitus</strong></span> <span class='ocrx_word' id='word_1_56' title='bbox 694 1156 767 1227; x_wconf 83' lang='lat' dir='ltr'><strong>petit</strong></span> <span class='ocrx_word' id='word_1_57' title='bbox 781 1162 865 1228; x_wconf 77' lang='lat' dir='ltr'><strong>utque</strong></span> <span class='ocrx_word' id='word_1_58' title='bbox 879 1165 989 1214; x_wconf 76' lang='lat' dir='ltr'><strong>oosotus</strong></span> <span class='ocrx_word' id='word_1_59' title='bbox 1083 1217 1087 1224; x_wconf 26' lang='lat'><strong>⁴</strong></span> 
     </span>
    </p>
   </div>
   <div class='ocr_carea' id='block_1_6' title="bbox 177 1239 942 1387">
    <p class='ocr_par' dir='ltr' id='par_1_7' title="bbox 177 1239 942 1387">
     <span class='ocr_line' id='line_1_11' title="bbox 287 1239 537 1310; baseline -0.016 -14"><span class='ocrx_word' id='word_1_60' title='bbox 287 1245 315 1296; x_wconf 77' lang='lat' dir='ltr'>A</span> <span class='ocrx_word' id='word_1_61' title='bbox 327 1239 474 1310; x_wconf 73' lang='lat' dir='ltr'><strong>yiotoribus</strong></span> <span class='ocrx_word' id='word_1_62' title='bbox 482 1277 489 1292; x_wconf 95' lang='lat'><em>.</em></span> <span class='ocrx_word' id='word_1_63' title='bbox 498 1275 506 1290; x_wconf 90' lang='lat'><strong>.</strong></span> <span class='ocrx_word' id='word_1_64' title='bbox 515 1275 537 1293; x_wconf 90' lang='lat'><strong>..</strong></span> 
     </span>
     <span class='ocr_line' id='line_1_12' title="bbox 177 1315 942 1387; baseline -0.014 -5"><span class='ocrx_word' id='word_1_65' title='bbox 177 1319 216 1381; x_wconf 64' lang='lat' dir='ltr'><strong>u.</strong></span> <span class='ocrx_word' id='word_1_66' title='bbox 227 1315 265 1379; x_wconf 67' lang='lat' dir='ltr'><strong>t.</strong></span> <span class='ocrx_word' id='word_1_67' title='bbox 285 1321 378 1376; x_wconf 88' lang='lat' dir='ltr'><strong>Duoes</strong></span> <span class='ocrx_word' id='word_1_68' title='bbox 392 1315 578 1372; x_wconf 63' lang='lat' dir='ltr'><strong>desertoribus</strong></span> <span class='ocrx_word' id='word_1_69' title='bbox 591 1317 627 1369; x_wconf 79' lang='lat' dir='ltr'><strong>sd</strong></span> <span class='ocrx_word' id='word_1_70' title='bbox 641 1322 749 1387; x_wconf 88' lang='lat' dir='ltr'><strong>tempus</strong></span> <span class='ocrx_word' id='word_1_71' title='bbox 763 1317 828 1369; x_wconf 79' lang='lat' dir='ltr'><strong>dore</strong></span> <span class='ocrx_word' id='word_1_72' title='bbox 841 1315 942 1372; x_wconf 85' lang='lat' dir='ltr'><strong>solent.</strong></span> 
     </span>
    </p>
   </div>
   <div class='ocr_carea' id='block_1_7' title="bbox 651 1519 678 1576">
    <p class='ocr_par' dir='ltr' id='par_1_8' title="bbox 651 1519 678 1576">
     <span class='ocr_line' id='line_1_13' title="bbox 651 1519 678 1576; baseline 0 0"><span class='ocrx_word' id='word_1_73' title='bbox 651 1519 678 1576; x_wconf 78' lang='lat'><strong>9.</strong></span> 
     </span>
    </p>
   </div>
   <div class='ocr_carea' id='block_1_8' title="bbox 164 1622 1061 2094">
    <p class='ocr_par' dir='ltr' id='par_1_9' title="bbox 164 1622 1061 2094">
     <span class='ocr_line' id='line_1_14' title="bbox 230 1622 1056 1696; baseline -0.001 -16"><span class='ocrx_word' id='word_1_74' title='bbox 230 1626 256 1680; x_wconf 94' lang='lat'><strong>1.</strong></span> <span class='ocrx_word' id='word_1_75' title='bbox 279 1623 344 1686; x_wconf 83' lang='lat' dir='ltr'><strong>Quis</strong></span> <span class='ocrx_word' id='word_1_76' title='bbox 360 1623 464 1693; x_wconf 81' lang='lat' dir='ltr'><strong>speeies</strong></span> <span class='ocrx_word' id='word_1_77' title='bbox 479 1639 572 1676; x_wconf 86' lang='lat' dir='ltr'><strong>omues</strong></span> <span class='ocrx_word' id='word_1_78' title='bbox 586 1622 669 1692; x_wconf 87' lang='lat' dir='ltr'><strong>hujus</strong></span> <span class='ocrx_word' id='word_1_79' title='bbox 682 1625 794 1696; x_wconf 78' lang='lat' dir='ltr'><strong>generis</strong></span> <span class='ocrx_word' id='word_1_80' title='bbox 808 1640 951 1679; x_wconf 74' lang='lat' dir='ltr'><strong>numerare</strong></span> <span class='ocrx_word' id='word_1_81' title='bbox 1052 1635 1056 1646; x_wconf 88' lang='lat'>&#39;</span> 
     </span>
     <span class='ocr_line' id='line_1_15' title="bbox 273 1701 961 1772; baseline 0 -14"><span class='ocrx_word' id='word_1_82' title='bbox 273 1703 382 1758; x_wconf 75' lang='lat' dir='ltr'><strong>Possit?</strong></span> <span class='ocrx_word' id='word_1_83' title='bbox 396 1701 532 1772; x_wconf 82' lang='lat' dir='ltr'><strong>Principio</strong></span> <span class='ocrx_word' id='word_1_84' title='bbox 546 1708 605 1756; x_wconf 85' lang='lat' dir='ltr'><strong>stot</strong></span> <span class='ocrx_word' id='word_1_85' title='bbox 616 1703 736 1757; x_wconf 71' lang='lat' dir='ltr'><strong>maximo</strong></span> <span class='ocrx_word' id='word_1_86' title='bbox 749 1704 844 1758; x_wconf 82' lang='lat' dir='ltr'><strong>bellus</strong></span> <span class='ocrx_word' id='word_1_87' title='bbox 856 1705 961 1769; x_wconf 85' lang='lat' dir='ltr'><strong>mundi,</strong></span> 
     </span>
     <span class='ocr_line' id='line_1_16' title="bbox 277 1781 933 1853; baseline 0.003 -15"><span class='ocrx_word' id='word_1_88' title='bbox 277 1783 350 1838; x_wconf 85' lang='lat' dir='ltr'><strong>Finit</strong></span> <span class='ocrx_word' id='word_1_89' title='bbox 363 1781 508 1852; x_wconf 76' lang='lat' dir='ltr'><strong>parvulus,</strong></span> <span class='ocrx_word' id='word_1_90' title='bbox 522 1789 555 1836; x_wconf 89' lang='lat' dir='ltr'><strong>ut</strong></span> <span class='ocrx_word' id='word_1_91' title='bbox 568 1781 670 1853; x_wconf 77' lang='lat' dir='ltr'><strong>digitus</strong></span> <span class='ocrx_word' id='word_1_92' title='bbox 684 1789 749 1838; x_wconf 89' lang='lat' dir='ltr'><strong>tuus</strong></span> <span class='ocrx_word' id='word_1_93' title='bbox 763 1783 933 1840; x_wconf 81' lang='lat' dir='ltr'><strong>suriouloris.</strong></span> 
     </span>
     <span class='ocr_line' id='line_1_17' title="bbox 184 1861 1061 1934; baseline -0.005 -14"><span class='ocrx_word' id='word_1_94' title='bbox 184 1865 211 1920; x_wconf 82' lang='lat'><strong>2.</strong></span> <span class='ocrx_word' id='word_1_95' title='bbox 226 1863 253 1922; x_wconf 89' lang='lat'><strong>3.</strong></span> <span class='ocrx_word' id='word_1_96' title='bbox 266 1865 327 1926; x_wconf 70' lang='lat' dir='ltr'><strong>,Est</strong></span> <span class='ocrx_word' id='word_1_97' title='bbox 340 1879 418 1918; x_wconf 86' lang='lat' dir='ltr'><strong>soror</strong></span> <span class='ocrx_word' id='word_1_98' title='bbox 431 1861 531 1934; x_wconf 72' lang='lat' dir='ltr'><strong>anguis</strong></span> <span class='ocrx_word' id='word_1_99' title='bbox 544 1868 574 1915; x_wconf 87' lang='lat' dir='ltr'><strong>et</strong></span> <span class='ocrx_word' id='word_1_100' title='bbox 587 1861 628 1918; x_wconf 88' lang='lat' dir='ltr'><strong>illi</strong></span> <span class='ocrx_word' id='word_1_101' title='bbox 641 1862 779 1916; x_wconf 73' lang='lat' dir='ltr'><strong>letiferum</strong></span> <span class='ocrx_word' id='word_1_102' title='bbox 793 1881 841 1918; x_wconf 89' lang='lat' dir='ltr'><strong>oro</strong></span> <span class='ocrx_word' id='word_1_103' title='bbox 853 1879 990 1920; x_wconf 80' lang='lat' dir='ltr'><strong>renonum</strong></span> <span class='ocrx_word' id='word_1_104' title='bbox 1002 1867 1061 1916; x_wconf 86' lang='lat' dir='ltr'><strong>est:</strong></span> 
     </span>
     <span class='ocr_line' id='line_1_18' title="bbox 276 1941 886 2014; baseline 0.002 -16"><span class='ocrx_word' id='word_1_105' title='bbox 276 1943 321 1998; x_wconf 85' lang='lat' dir='ltr'><strong>Sic</strong></span> <span class='ocrx_word' id='word_1_106' title='bbox 334 1943 414 2013; x_wconf 73' lang='lat' dir='ltr'><strong>sjunt</strong></span> <span class='ocrx_word' id='word_1_107' title='bbox 427 1941 497 1996; x_wconf 84' lang='lat' dir='ltr'><strong>ssori</strong></span> <span class='ocrx_word' id='word_1_108' title='bbox 511 1941 658 2011; x_wconf 82' lang='lat' dir='ltr'><strong>seriptores</strong></span> <span class='ocrx_word' id='word_1_109' title='bbox 672 1950 755 2013; x_wconf 74' lang='lat' dir='ltr'><strong>etque</strong></span> <span class='ocrx_word' id='word_1_110' title='bbox 768 1943 886 2014; x_wconf 79' lang='lat' dir='ltr'><strong>prolusi.</strong></span> 
     </span>
     <span class='ocr_line' id='line_1_19' title="bbox 164 2019 1002 2094; baseline -0.004 -11"><span class='ocrx_word' id='word_1_111' title='bbox 164 2023 203 2084; x_wconf 69' lang='lat' dir='ltr'><strong>t).</strong></span> <span class='ocrx_word' id='word_1_112' title='bbox 218 2019 254 2083; x_wconf 68' lang='lat' dir='ltr'><strong>u.</strong></span> <span class='ocrx_word' id='word_1_113' title='bbox 275 2024 372 2078; x_wconf 78' lang='lat' dir='ltr'><strong>Bestia</strong></span> <span class='ocrx_word' id='word_1_114' title='bbox 384 2024 500 2078; x_wconf 75' lang='lat' dir='ltr'><strong>devorat</strong></span> <span class='ocrx_word' id='word_1_115' title='bbox 512 2022 582 2078; x_wconf 85' lang='lat' dir='ltr'><strong>hoso</strong></span> <span class='ocrx_word' id='word_1_116' title='bbox 594 2021 700 2094; x_wconf 86' lang='lat' dir='ltr'><strong>prius,</strong></span> <span class='ocrx_word' id='word_1_117' title='bbox 715 2023 742 2080; x_wconf 90' lang='lat' dir='ltr'><strong>id</strong></span> <span class='ocrx_word' id='word_1_118' title='bbox 755 2041 854 2080; x_wconf 86' lang='lat' dir='ltr'><strong>nomen</strong></span> <span class='ocrx_word' id='word_1_119' title='bbox 867 2023 940 2080; x_wconf 83' lang='lat' dir='ltr'><strong>dedit</strong></span> <span class='ocrx_word' id='word_1_120' title='bbox 953 2022 1002 2080; x_wconf 91' lang='lat' dir='ltr'><strong>illi.</strong></span> 
     </span>
    </p>
   </div>
   <div class='ocr_carea' id='block_1_9' title="bbox 641 2249 686 2304">
    <p class='ocr_par' dir='ltr' id='par_1_10' title="bbox 641 2249 686 2304">
     <span class='ocr_line' id='line_1_20' title="bbox 641 2249 686 2304; baseline 0 0"><span class='ocrx_word' id='word_1_121' title='bbox 641 2249 686 2304; x_wconf 85' lang='lat'><strong>10.</strong></span> 
     </span>
    </p>
   </div>
   <div class='ocr_carea' id='block_1_10' title="bbox 165 2345 1081 3211">
    <p class='ocr_par' dir='ltr' id='par_1_11' title="bbox 165 2345 1081 3211">
     <span class='ocr_line' id='line_1_21' title="bbox 231 2345 919 2421; baseline 0.001 -18"><span class='ocrx_word' id='word_1_122' title='bbox 231 2351 256 2403; x_wconf 92' lang='lat'><strong>1.</strong></span> <span class='ocrx_word' id='word_1_123' title='bbox 276 2346 330 2402; x_wconf 84' lang='lat' dir='ltr'><strong>llio</strong></span> <span class='ocrx_word' id='word_1_124' title='bbox 342 2345 471 2402; x_wconf 77' lang='lat' dir='ltr'><strong>habitunt</strong></span> <span class='ocrx_word' id='word_1_125' title='bbox 483 2347 607 2404; x_wconf 84' lang='lat' dir='ltr'><strong>homiues</strong></span> <span class='ocrx_word' id='word_1_126' title='bbox 621 2349 716 2404; x_wconf 75' lang='lat' dir='ltr'><strong>solitos</strong></span> <span class='ocrx_word' id='word_1_127' title='bbox 730 2355 814 2421; x_wconf 79' lang='lat' dir='ltr'><strong>atque</strong></span> <span class='ocrx_word' id='word_1_128' title='bbox 829 2349 919 2416; x_wconf 76' lang='lat' dir='ltr'><strong>besti3</strong></span> 
     </span>
     <span class='ocr_line' id='line_1_22' title="bbox 274 2426 1048 2498; baseline 0.004 -17"><span class='ocrx_word' id='word_1_129' title='bbox 274 2427 363 2482; x_wconf 84' lang='lat' dir='ltr'><strong>Volde</strong></span> <span class='ocrx_word' id='word_1_130' title='bbox 377 2426 480 2491; x_wconf 81' lang='lat' dir='ltr'><strong>rident,</strong></span> <span class='ocrx_word' id='word_1_131' title='bbox 496 2427 532 2490; x_wconf 89' lang='lat' dir='ltr'><strong>si,</strong></span> <span class='ocrx_word' id='word_1_132' title='bbox 548 2428 594 2498; x_wconf 91' lang='lat' dir='ltr'><strong>qui</strong></span> <span class='ocrx_word' id='word_1_133' title='bbox 607 2445 671 2482; x_wconf 84' lang='lat' dir='ltr'><strong>rure</strong></span> <span class='ocrx_word' id='word_1_134' title='bbox 684 2435 828 2484; x_wconf 79' lang='lat' dir='ltr'><strong>extructus</strong></span> <span class='ocrx_word' id='word_1_135' title='bbox 842 2429 871 2484; x_wconf 86' lang='lat' dir='ltr'><strong>in</strong></span> <span class='ocrx_word' id='word_1_136' title='bbox 883 2431 979 2485; x_wconf 87' lang='lat' dir='ltr'><strong>urbem</strong></span> <span class='ocrx_word' id='word_1_137' title='bbox 992 2434 1048 2494; x_wconf 84' lang='lat' dir='ltr'><strong>est,</strong></span> 
     </span>
     <span class='ocr_line' id='line_1_23' title="bbox 275 2506 851 2573; baseline 0.002 -11"><span class='ocrx_word' id='word_1_138' title='bbox 275 2507 354 2562; x_wconf 90' lang='lat' dir='ltr'><strong>Solos</strong></span> <span class='ocrx_word' id='word_1_139' title='bbox 368 2506 463 2573; x_wconf 77' lang='lat' dir='ltr'><strong>felices</strong></span> <span class='ocrx_word' id='word_1_140' title='bbox 477 2507 602 2561; x_wconf 84' lang='lat' dir='ltr'><strong>viventes</strong></span> <span class='ocrx_word' id='word_1_141' title='bbox 617 2507 720 2562; x_wconf 82' lang='lat' dir='ltr'><strong>olumst</strong></span> <span class='ocrx_word' id='word_1_142' title='bbox 732 2508 761 2562; x_wconf 90' lang='lat' dir='ltr'><strong>in</strong></span> <span class='ocrx_word' id='word_1_143' title='bbox 773 2511 851 2564; x_wconf 87' lang='lat' dir='ltr'><strong>urbe.</strong></span> 
     </span>
     <span class='ocr_line' id='line_1_24' title="bbox 183 2587 1059 2660; baseline 0 -18"><span class='ocrx_word' id='word_1_144' title='bbox 183 2587 210 2644; x_wconf 84' lang='lat'><strong>2.</strong></span> <span class='ocrx_word' id='word_1_145' title='bbox 226 2588 252 2642; x_wconf 88' lang='grc'><strong>3.</strong></span> <span class='ocrx_word' id='word_1_146' title='bbox 274 2588 381 2642; x_wconf 76' lang='lat' dir='ltr'><strong>Balnea</strong></span> <span class='ocrx_word' id='word_1_147' title='bbox 395 2591 472 2648; x_wconf 84' lang='lat' dir='ltr'><strong>suut,</strong></span> <span class='ocrx_word' id='word_1_148' title='bbox 489 2601 559 2656; x_wconf 84' lang='lat' dir='ltr'><strong>quoe</strong></span> <span class='ocrx_word' id='word_1_149' title='bbox 572 2587 744 2657; x_wconf 69' lang='lat' dir='ltr'><strong>praeclarum</strong></span> <span class='ocrx_word' id='word_1_150' title='bbox 758 2606 856 2644; x_wconf 83' lang='lat' dir='ltr'><strong>nornen</strong></span> <span class='ocrx_word' id='word_1_151' title='bbox 870 2587 967 2660; x_wconf 80' lang='lat' dir='ltr'><strong>generi</strong></span> <span class='ocrx_word' id='word_1_152' title='bbox 981 2589 1059 2651; x_wconf 82' lang='lat' dir='ltr'><strong>dsnt;</strong></span> 
     </span>
     <span class='ocr_line' id='line_1_25' title="bbox 275 2665 679 2738; baseline 0.005 -16"><span class='ocrx_word' id='word_1_153' title='bbox 275 2668 328 2722; x_wconf 83' lang='lat' dir='ltr'><strong>Est</strong></span> <span class='ocrx_word' id='word_1_154' title='bbox 342 2665 429 2738; x_wconf 88' lang='lat' dir='ltr'><strong>quivis</strong></span> <span class='ocrx_word' id='word_1_155' title='bbox 442 2665 600 2735; x_wconf 77' lang='lat' dir='ltr'><strong>polyhistor</strong></span> <span class='ocrx_word' id='word_1_156' title='bbox 607 2707 679 2724; x_wconf 92' lang='grc'><strong>.....</strong></span> 
     </span>
     <span class='ocr_line' id='line_1_26' title="bbox 165 2742 1081 2820; baseline 0.003 -21"><span class='ocrx_word' id='word_1_157' title='bbox 165 2745 204 2815; x_wconf 62' lang='grc' dir='ltr'><strong>ΞΣ),</strong></span> <span class='ocrx_word' id='word_1_158' title='bbox 216 2742 253 2806; x_wconf 74' lang='grc' dir='ltr'><strong>Θ.</strong></span> <span class='ocrx_word' id='word_1_159' title='bbox 278 2746 357 2810; x_wconf 86' lang='lat' dir='ltr'><strong>„Non</strong></span> <span class='ocrx_word' id='word_1_160' title='bbox 370 2753 414 2800; x_wconf 87' lang='lat' dir='ltr'><strong>est</strong></span> <span class='ocrx_word' id='word_1_161' title='bbox 427 2745 455 2800; x_wconf 85' lang='lat' dir='ltr'><strong>in</strong></span> <span class='ocrx_word' id='word_1_162' title='bbox 468 2744 583 2810; x_wconf 82' lang='lat' dir='ltr'><strong>medios,</strong></span> <span class='ocrx_word' id='word_1_163' title='bbox 597 2747 737 2802; x_wconf 82' lang='lat' dir='ltr'><strong>relevetur</strong></span> <span class='ocrx_word' id='word_1_164' title='bbox 750 2763 858 2818; x_wconf 82' lang='lat' dir='ltr'><strong>semper</strong></span> <span class='ocrx_word' id='word_1_165' title='bbox 870 2755 903 2803; x_wconf 89' lang='lat' dir='ltr'><strong>ut</strong></span> <span class='ocrx_word' id='word_1_166' title='bbox 915 2747 1029 2820; x_wconf 75' lang='lat' dir='ltr'><strong>osger.“</strong></span> <span class='ocrx_word' id='word_1_167' title='bbox 1079 2761 1081 2768; x_wconf 89' lang='lat'>·</span> 
     </span>
     <span class='ocr_line' id='line_1_27' title="bbox 233 2828 953 2900; baseline 0 -18"><span class='ocrx_word' id='word_1_168' title='bbox 233 2889 234 2894; x_wconf 9' lang='grc' dir='ltr'>η</span> <span class='ocrx_word' id='word_1_169' title='bbox 262 2831 414 2898; x_wconf 75' lang='lat' dir='ltr'><strong>,Aegrotos</strong></span> <span class='ocrx_word' id='word_1_170' title='bbox 429 2842 521 2881; x_wconf 82' lang='lat' dir='ltr'><strong>omnes</strong></span> <span class='ocrx_word' id='word_1_171' title='bbox 535 2842 590 2897; x_wconf 73' lang='lat' dir='ltr'><strong>ego</strong></span> <span class='ocrx_word' id='word_1_172' title='bbox 603 2843 681 2892; x_wconf 89' lang='lat' dir='ltr'><strong>ouro,</strong></span> <span class='ocrx_word' id='word_1_173' title='bbox 696 2828 840 2900; x_wconf 74' lang='lat' dir='ltr'><strong>confugite</strong></span> <span class='ocrx_word' id='word_1_174' title='bbox 852 2829 887 2882; x_wconf 81' lang='lat' dir='ltr'><strong>od</strong></span> <span class='ocrx_word' id='word_1_175' title='bbox 900 2845 953 2884; x_wconf 87' lang='lat' dir='ltr'><strong>mo.</strong></span> 
     </span>
     <span class='ocr_line' id='line_1_28' title="bbox 277 2905 970 2979; baseline 0.003 -19"><span class='ocrx_word' id='word_1_176' title='bbox 277 2907 364 2961; x_wconf 78' lang='lat' dir='ltr'><strong>crura</strong></span> <span class='ocrx_word' id='word_1_177' title='bbox 377 2913 408 2960; x_wconf 89' lang='lat' dir='ltr'><strong>et</strong></span> <span class='ocrx_word' id='word_1_178' title='bbox 421 2912 512 2960; x_wconf 80' lang='lat' dir='ltr'><strong>oostos</strong></span> <span class='ocrx_word' id='word_1_179' title='bbox 526 2905 549 2960; x_wconf 88' lang='lat' dir='ltr'><strong>si</strong></span> <span class='ocrx_word' id='word_1_180' title='bbox 562 2906 697 2977; x_wconf 76' lang='lat' dir='ltr'><strong>fregistis,</strong></span> <span class='ocrx_word' id='word_1_181' title='bbox 711 2908 854 2979; x_wconf 75' lang='lat' dir='ltr'><strong>oonlugite</strong></span> <span class='ocrx_word' id='word_1_182' title='bbox 867 2910 904 2962; x_wconf 82' lang='lat' dir='ltr'><strong>od</strong></span> <span class='ocrx_word' id='word_1_183' title='bbox 918 2925 970 2963; x_wconf 85' lang='lat' dir='ltr'><strong>me.</strong></span> 
     </span>
     <span class='ocr_line' id='line_1_29' title="bbox 275 2985 926 3058; baseline 0 -16"><span class='ocrx_word' id='word_1_184' title='bbox 275 2985 304 3042; x_wconf 89' lang='lat' dir='ltr'><strong>Si</strong></span> <span class='ocrx_word' id='word_1_185' title='bbox 317 2985 414 3048; x_wconf 84' lang='lat' dir='ltr'><strong>vultis,</strong></span> <span class='ocrx_word' id='word_1_186' title='bbox 428 3001 539 3055; x_wconf 88' lang='lat' dir='ltr'><strong>possum</strong></span> <span class='ocrx_word' id='word_1_187' title='bbox 553 2987 675 3058; x_wconf 82' lang='lat' dir='ltr'><strong>quumvis</strong></span> <span class='ocrx_word' id='word_1_188' title='bbox 688 2988 807 3042; x_wconf 78' lang='lat' dir='ltr'><strong>incidero</strong></span> <span class='ocrx_word' id='word_1_189' title='bbox 820 3003 926 3043; x_wconf 79' lang='lat' dir='ltr'><strong>venum.</strong></span> 
     </span>
     <span class='ocr_line' id='line_1_30' title="bbox 278 3064 964 3135; baseline 0.001 -15"><span class='ocrx_word' id='word_1_190' title='bbox 278 3064 373 3120; x_wconf 83' lang='lat' dir='ltr'><strong>Omnis</strong></span> <span class='ocrx_word' id='word_1_191' title='bbox 385 3071 534 3135; x_wconf 83' lang='lat' dir='ltr'><strong>prostsroo</strong></span> <span class='ocrx_word' id='word_1_192' title='bbox 546 3083 625 3122; x_wconf 85' lang='lat' dir='ltr'><strong>nemo</strong></span> <span class='ocrx_word' id='word_1_193' title='bbox 639 3083 711 3122; x_wconf 78' lang='lat' dir='ltr'><strong>nors</strong></span> <span class='ocrx_word' id='word_1_194' title='bbox 723 3069 775 3124; x_wconf 83' lang='lat' dir='ltr'><strong>soit</strong></span> <span class='ocrx_word' id='word_1_195' title='bbox 788 3068 897 3131; x_wconf 88' lang='lat' dir='ltr'><strong>molius,</strong></span> <span class='ocrx_word' id='word_1_196' title='bbox 911 3083 964 3122; x_wconf 82' lang='lat' dir='ltr'><strong>me.</strong></span> 
     </span>
     <span class='ocr_line' id='line_1_31' title="bbox 276 3144 877 3211; baseline 0.003 -11"><span class='ocrx_word' id='word_1_197' title='bbox 276 3144 367 3201; x_wconf 89' lang='lat' dir='ltr'><strong>Serius</strong></span> <span class='ocrx_word' id='word_1_198' title='bbox 381 3149 426 3198; x_wconf 86' lang='lat' dir='ltr'><strong>est</strong></span> <span class='ocrx_word' id='word_1_199' title='bbox 438 3146 545 3211; x_wconf 77' lang='lat' dir='ltr'><strong>vultus,</strong></span> <span class='ocrx_word' id='word_1_200' title='bbox 559 3146 642 3202; x_wconf 88' lang='lat' dir='ltr'><strong>risum</strong></span> <span class='ocrx_word' id='word_1_201' title='bbox 655 3148 776 3203; x_wconf 70' lang='lat' dir='ltr'><strong>teneatis</strong></span> <span class='ocrx_word' id='word_1_202' title='bbox 790 3146 877 3202; x_wconf 76' lang='lat' dir='ltr'><strong>smioi.</strong></span> 
     </span>
    </p>
   </div>
   <div class='ocr_carea' id='block_1_11' title="bbox 0 0 1272 3576">
    <p class='ocr_par' dir='ltr' id='par_1_12' title="bbox 0 0 1272 3576">
     <span class='ocr_line' id='line_1_32' title="bbox 0 0 1272 3576; baseline 0 0"><span class='ocrx_word' id='word_1_203' title='bbox 0 0 1272 3576; x_wconf 95' lang='lat' dir='ltr'><strong> </strong></span> 
     </span>
    </p>
   </div>
  </div>
 </body>
</html>
