<?xml version="1.0" encoding="UTF-8"?>
<!DOCTYPE html PUBLIC "-//W3C//DTD XHTML 1.0 Transitional//EN"
    "http://www.w3.org/TR/xhtml1/DTD/xhtml1-transitional.dtd">
<html xmlns="http://www.w3.org/1999/xhtml" xml:lang="en" lang="en">
 <head>
  <title>
</title>
<meta http-equiv="Content-Type" content="text/html;charset=utf-8" />
  <meta name='ocr-system' content='tesseract 3.04.00' />
  <meta name='ocr-capabilities' content='ocr_page ocr_carea ocr_par ocr_line ocrx_word'/>
</head>
<body>
  <div class='ocr_page' id='page_1' title='image "./floresaenigmatu00bindgoog/floresaenigmatu00bindgoog_0025.png"; bbox 0 0 2534 3576; ppageno 0'>
   <div class='ocr_carea' id='block_1_1' title="bbox 171 201 835 274">
    <p class='ocr_par' dir='ltr' id='par_1_1' title="bbox 171 201 835 274">
     <span class='ocr_line' id='line_1_1' title="bbox 171 201 835 274; baseline 0.012 -20"><span class='ocrx_word' id='word_1_1' title='bbox 171 201 211 262; x_wconf 84' lang='lat'>14</span> <span class='ocrx_word' id='word_1_2' title='bbox 499 213 518 258; x_wconf 93' lang='lat'>1.</span> <span class='ocrx_word' id='word_1_3' title='bbox 529 210 682 274; x_wconf 77' lang='lat' dir='ltr'>Aenigmata</span> <span class='ocrx_word' id='word_1_4' title='bbox 692 212 835 262; x_wconf 74' lang='lat' dir='ltr'>nominalia.</span> 
     </span>
    </p>
   </div>
   <div class='ocr_carea' id='block_1_2' title="bbox 639 363 686 418">
    <p class='ocr_par' dir='ltr' id='par_1_2' title="bbox 639 363 686 418">
     <span class='ocr_line' id='line_1_2' title="bbox 639 363 686 418; baseline -0.043 0"><span class='ocrx_word' id='word_1_5' title='bbox 639 363 686 418; x_wconf 86' lang='lat'>54.</span> 
     </span>
    </p>
   </div>
   <div class='ocr_carea' id='block_1_3' title="bbox 165 468 877 698">
    <p class='ocr_par' dir='ltr' id='par_1_3' title="bbox 165 468 877 698">
     <span class='ocr_line' id='line_1_3' title="bbox 166 468 877 538; baseline 0 -16"><span class='ocrx_word' id='word_1_6' title='bbox 166 470 250 522; x_wconf 87' lang='lat' dir='ltr'><strong>Porto</strong></span> <span class='ocrx_word' id='word_1_7' title='bbox 264 468 370 521; x_wconf 89' lang='lat' dir='ltr'><strong>domum</strong></span> <span class='ocrx_word' id='word_1_8' title='bbox 382 484 498 531; x_wconf 85' lang='lat' dir='ltr'>mecum,</span> <span class='ocrx_word' id='word_1_9' title='bbox 514 482 620 537; x_wconf 75' lang='lat' dir='ltr'>semper</span> <span class='ocrx_word' id='word_1_10' title='bbox 632 469 752 538; x_wconf 76' lang='lat' dir='ltr'>migrare</span> <span class='ocrx_word' id='word_1_11' title='bbox 765 477 877 538; x_wconf 81' lang='lat' dir='ltr'>parata,-</span> 
     </span>
     <span class='ocr_line' id='line_1_4' title="bbox 165 546 824 617; baseline -0.002 -15"><span class='ocrx_word' id='word_1_12' title='bbox 165 549 327 617; x_wconf 85' lang='lat' dir='ltr'>Mutatoque</span> <span class='ocrx_word' id='word_1_13' title='bbox 342 547 399 601; x_wconf 83' lang='lat' dir='ltr'><strong>solo</strong></span> <span class='ocrx_word' id='word_1_14' title='bbox 412 564 467 601; x_wconf 91' lang='lat' dir='ltr'>non</span> <span class='ocrx_word' id='word_1_15' title='bbox 481 563 540 600; x_wconf 83' lang='lat' dir='ltr'>sum</span> <span class='ocrx_word' id='word_1_16' title='bbox 551 546 715 602; x_wconf 71' lang='lat' dir='ltr'>miserabilis</span> <span class='ocrx_word' id='word_1_17' title='bbox 728 549 824 610; x_wconf 83' lang='lat' dir='ltr'>exsul,</span> 
     </span>
     <span class='ocr_line' id='line_1_5' title="bbox 165 626 838 698; baseline 0.001 -16"><span class='ocrx_word' id='word_1_18' title='bbox 165 628 218 683; x_wconf 83' lang='lat' dir='ltr'>Sed</span> <span class='ocrx_word' id='word_1_19' title='bbox 232 627 297 681; x_wconf 90' lang='lat' dir='ltr'>mihi</span> <span class='ocrx_word' id='word_1_20' title='bbox 311 626 482 697; x_wconf 78' lang='lat' dir='ltr'><strong>oonohylium</strong></span> <span class='ocrx_word' id='word_1_21' title='bbox 496 628 529 679; x_wconf 92' lang='lat' dir='ltr'>de</span> <span class='ocrx_word' id='word_1_22' title='bbox 543 628 619 682; x_wconf 90' lang='lat' dir='ltr'><strong>ooelo</strong></span> <span class='ocrx_word' id='word_1_23' title='bbox 634 627 756 681; x_wconf 82' lang='lat' dir='ltr'>nascitur</span> <span class='ocrx_word' id='word_1_24' title='bbox 769 626 838 698; x_wconf 79' lang='lat' dir='ltr'>ipso.</span> 
     </span>
    </p>
   </div>
   <div class='ocr_carea' id='block_1_4' title="bbox 637 785 684 842">
    <p class='ocr_par' dir='ltr' id='par_1_4' title="bbox 637 785 684 842">
     <span class='ocr_line' id='line_1_6' title="bbox 637 785 684 842; baseline 0.043 -2"><span class='ocrx_word' id='word_1_25' title='bbox 637 785 684 842; x_wconf 84' lang='lat'>55.</span> 
     </span>
    </p>
   </div>
   <div class='ocr_carea' id='block_1_5' title="bbox 162 887 887 1440">
    <p class='ocr_par' dir='ltr' id='par_1_5' title="bbox 164 887 833 1040">
     <span class='ocr_line' id='line_1_7' title="bbox 164 887 833 959; baseline 0 -15"><span class='ocrx_word' id='word_1_26' title='bbox 164 891 303 959; x_wconf 78' lang='lat' dir='ltr'>Interpreo</span> <span class='ocrx_word' id='word_1_27' title='bbox 316 887 427 952; x_wconf 82' lang='lat' dir='ltr'>mentis,</span> <span class='ocrx_word' id='word_1_28' title='bbox 441 889 504 942; x_wconf 86' lang='lat' dir='ltr'>loca</span> <span class='ocrx_word' id='word_1_29' title='bbox 517 905 567 958; x_wconf 88' lang='lat' dir='ltr'>per</span> <span class='ocrx_word' id='word_1_30' title='bbox 580 889 716 959; x_wconf 85' lang='lat' dir='ltr'>disjuncta</span> <span class='ocrx_word' id='word_1_31' title='bbox 729 890 833 944; x_wconf 81' lang='lat' dir='ltr'>viarum</span> 
     </span>
     <span class='ocr_line' id='line_1_8' title="bbox 204 969 784 1040; baseline 0.003 -17"><span class='ocrx_word' id='word_1_32' title='bbox 204 970 290 1024; x_wconf 82' lang='lat' dir='ltr'>Sensa</span> <span class='ocrx_word' id='word_1_33' title='bbox 303 969 453 1022; x_wconf 82' lang='lat' dir='ltr'>voluntatis</span> <span class='ocrx_word' id='word_1_34' title='bbox 467 969 667 1040; x_wconf 84' lang='lat' dir='ltr'>praemeditata</span> <span class='ocrx_word' id='word_1_35' title='bbox 680 969 784 1039; x_wconf 90' lang='lat' dir='ltr'><strong>loquor.</strong></span> 
     </span>
    </p>

    <p class='ocr_par' dir='ltr' id='par_1_6' title="bbox 164 1048 887 1198">
     <span class='ocr_line' id='line_1_9' title="bbox 164 1048 887 1119; baseline -0.001 -15"><span class='ocrx_word' id='word_1_36' title='bbox 164 1050 273 1104; x_wconf 85' lang='lat' dir='ltr'><strong>Erubeo</strong></span> <span class='ocrx_word' id='word_1_37' title='bbox 287 1064 436 1118; x_wconf 85' lang='lat' dir='ltr'><strong>nunquam,</strong></span> <span class='ocrx_word' id='word_1_38' title='bbox 452 1050 523 1118; x_wconf 89' lang='lat' dir='ltr'><strong>quod</strong></span> <span class='ocrx_word' id='word_1_39' title='bbox 536 1048 624 1102; x_wconf 83' lang='lat' dir='ltr'>dicere</span> <span class='ocrx_word' id='word_1_40' title='bbox 639 1049 751 1119; x_wconf 88' lang='lat' dir='ltr'>quisque</span> <span class='ocrx_word' id='word_1_41' title='bbox 764 1056 887 1113; x_wconf 79' lang='lat' dir='ltr'>veretur.</span> 
     </span>
     <span class='ocr_line' id='line_1_10' title="bbox 202 1127 718 1198; baseline 0 -14"><span class='ocrx_word' id='word_1_42' title='bbox 202 1130 328 1184; x_wconf 81' lang='lat' dir='ltr'><strong>Excusso</strong></span> <span class='ocrx_word' id='word_1_43' title='bbox 342 1127 421 1180; x_wconf 87' lang='lat' dir='ltr'><strong>nulla</strong></span> <span class='ocrx_word' id='word_1_44' title='bbox 433 1128 541 1198; x_wconf 87' lang='lat' dir='ltr'><strong>profero</strong></span> <span class='ocrx_word' id='word_1_45' title='bbox 556 1145 621 1181; x_wconf 80' lang='lat' dir='ltr'>voce</span> <span class='ocrx_word' id='word_1_46' title='bbox 637 1136 718 1184; x_wconf 88' lang='lat' dir='ltr'>metu.</span> 
     </span>
    </p>

    <p class='ocr_par' dir='ltr' id='par_1_7' title="bbox 165 1207 807 1358">
     <span class='ocr_line' id='line_1_11' title="bbox 165 1207 784 1278; baseline -0.003 -16"><span class='ocrx_word' id='word_1_47' title='bbox 165 1208 259 1262; x_wconf 82' lang='lat' dir='ltr'>Officio</span> <span class='ocrx_word' id='word_1_48' title='bbox 274 1207 358 1266; x_wconf 82' lang='lat' dir='ltr'>duleis</span> <span class='ocrx_word' id='word_1_49' title='bbox 372 1223 565 1277; x_wconf 86' lang='lat' dir='ltr'><strong>nonnunquam</strong></span> <span class='ocrx_word' id='word_1_50' title='bbox 580 1207 680 1278; x_wconf 86' lang='lat' dir='ltr'><strong>fungor</strong></span> <span class='ocrx_word' id='word_1_51' title='bbox 694 1208 784 1270; x_wconf 81' lang='lat' dir='ltr'>amici,</span> 
     </span>
     <span class='ocr_line' id='line_1_12' title="bbox 202 1286 807 1358; baseline -0.002 -17"><span class='ocrx_word' id='word_1_52' title='bbox 202 1288 399 1358; x_wconf 72' lang='lat' dir='ltr'><strong>Nonnunquam</strong></span> <span class='ocrx_word' id='word_1_53' title='bbox 412 1293 507 1357; x_wconf 77' lang='lat' dir='ltr'>partes</span> <span class='ocrx_word' id='word_1_54' title='bbox 522 1286 630 1340; x_wconf 85' lang='lat' dir='ltr'>fortiter</span> <span class='ocrx_word' id='word_1_55' title='bbox 643 1287 728 1340; x_wconf 84' lang='lat' dir='ltr'>hostis</span> <span class='ocrx_word' id='word_1_56' title='bbox 744 1302 807 1358; x_wconf 87' lang='lat' dir='ltr'>ago.</span> 
     </span>
    </p>

    <p class='ocr_par' dir='ltr' id='par_1_8' title="bbox 162 1365 871 1440">
     <span class='ocr_line' id='line_1_13' title="bbox 162 1365 871 1440; baseline -0.003 -18"><span class='ocrx_word' id='word_1_57' title='bbox 162 1368 201 1422; x_wconf 84' lang='lat' dir='ltr'>Et</span> <span class='ocrx_word' id='word_1_58' title='bbox 215 1367 280 1421; x_wconf 83' lang='lat' dir='ltr'>belli</span> <span class='ocrx_word' id='word_1_59' title='bbox 295 1373 324 1421; x_wconf 83' lang='lat' dir='ltr'>et</span> <span class='ocrx_word' id='word_1_60' title='bbox 336 1365 412 1436; x_wconf 81' lang='lat' dir='ltr'><strong>pacis</strong></span> <span class='ocrx_word' id='word_1_61' title='bbox 427 1383 486 1419; x_wconf 91' lang='lat' dir='ltr'>sum</span> <span class='ocrx_word' id='word_1_62' title='bbox 499 1382 594 1429; x_wconf 83' lang='lat' dir='ltr'>causa,</span> <span class='ocrx_word' id='word_1_63' title='bbox 609 1366 726 1440; x_wconf 89' lang='lat' dir='ltr'>bonique</span> <span class='ocrx_word' id='word_1_64' title='bbox 740 1367 871 1438; x_wconf 89' lang='lat' dir='ltr'>malique,</span> 
     </span>
    </p>
   </div>
   <div class='ocr_carea' id='block_1_6' title="bbox 162 1444 864 1673">
    <p class='ocr_par' dir='ltr' id='par_1_9' title="bbox 162 1444 864 1673">
     <span class='ocr_line' id='line_1_14' title="bbox 201 1444 698 1514; baseline -0.002 -13"><span class='ocrx_word' id='word_1_65' title='bbox 201 1445 328 1501; x_wconf 78' lang='lat' dir='ltr'><strong>Auctoris</strong></span> <span class='ocrx_word' id='word_1_66' title='bbox 340 1445 433 1514; x_wconf 86' lang='lat' dir='ltr'>posita</span> <span class='ocrx_word' id='word_1_67' title='bbox 444 1461 495 1514; x_wconf 89' lang='lat' dir='ltr'>pro</span> <span class='ocrx_word' id='word_1_68' title='bbox 509 1444 616 1499; x_wconf 84' lang='lat' dir='ltr'>ratione</span> <span class='ocrx_word' id='word_1_69' title='bbox 629 1462 698 1500; x_wconf 88' lang='lat' dir='ltr'>mea.</span> 
     </span>
     <span class='ocr_line' id='line_1_15' title="bbox 162 1523 864 1597; baseline 0 -17"><span class='ocrx_word' id='word_1_70' title='bbox 162 1526 223 1580; x_wconf 92' lang='lat' dir='ltr'>Non</span> <span class='ocrx_word' id='word_1_71' title='bbox 237 1543 303 1597; x_wconf 85' lang='lat' dir='ltr'>ego,</span> <span class='ocrx_word' id='word_1_72' title='bbox 319 1523 342 1577; x_wconf 89' lang='lat' dir='ltr'>si</span> <span class='ocrx_word' id='word_1_73' title='bbox 356 1524 450 1578; x_wconf 82' lang='lat' dir='ltr'>studiis</span> <span class='ocrx_word' id='word_1_74' title='bbox 466 1524 508 1577; x_wconf 86' lang='lat' dir='ltr'>oui</span> <span class='ocrx_word' id='word_1_75' title='bbox 522 1524 623 1587; x_wconf 82' lang='lat' dir='ltr'>servio,</span> <span class='ocrx_word' id='word_1_76' title='bbox 639 1525 755 1595; x_wconf 76' lang='lat' dir='ltr'>quilibet</span> <span class='ocrx_word' id='word_1_77' title='bbox 769 1533 864 1582; x_wconf 82' lang='lat' dir='ltr'>auctor</span> 
     </span>
     <span class='ocr_line' id='line_1_16' title="bbox 200 1604 794 1673; baseline 0 -15"><span class='ocrx_word' id='word_1_78' title='bbox 200 1605 338 1659; x_wconf 75' lang='lat' dir='ltr'><strong>Fortunae</strong></span> <span class='ocrx_word' id='word_1_79' title='bbox 353 1604 431 1657; x_wconf 83' lang='lat' dir='ltr'>faber</span> <span class='ocrx_word' id='word_1_80' title='bbox 445 1611 488 1657; x_wconf 83' lang='lat' dir='ltr'>est</span> <span class='ocrx_word' id='word_1_81' title='bbox 500 1621 581 1656; x_wconf 81' lang='lat' dir='ltr'>verus</span> <span class='ocrx_word' id='word_1_82' title='bbox 595 1605 695 1673; x_wconf 89' lang='lat' dir='ltr'>ubique</span> <span class='ocrx_word' id='word_1_83' title='bbox 709 1622 794 1658; x_wconf 85' lang='lat' dir='ltr'>meae.</span> 
     </span>
    </p>
   </div>
   <div class='ocr_carea' id='block_1_7' title="bbox 633 1763 680 1816">
    <p class='ocr_par' dir='ltr' id='par_1_10' title="bbox 633 1763 680 1816">
     <span class='ocr_line' id='line_1_17' title="bbox 633 1763 680 1816; baseline 0 0"><span class='ocrx_word' id='word_1_84' title='bbox 633 1763 680 1816; x_wconf 85' lang='grc'>56.</span> 
     </span>
    </p>
   </div>
   <div class='ocr_carea' id='block_1_8' title="bbox 160 1865 930 2094">
    <p class='ocr_par' dir='ltr' id='par_1_11' title="bbox 160 1865 930 2094">
     <span class='ocr_line' id='line_1_18' title="bbox 160 1865 783 1926; baseline -0.008 -5"><span class='ocrx_word' id='word_1_85' title='bbox 160 1867 254 1922; x_wconf 84' lang='lat' dir='ltr'>Pallas</span> <span class='ocrx_word' id='word_1_86' title='bbox 268 1883 310 1920; x_wconf 88' lang='lat' dir='ltr'>me</span> <span class='ocrx_word' id='word_1_87' title='bbox 325 1865 415 1920; x_wconf 81' lang='lat' dir='ltr'>docuit</span> <span class='ocrx_word' id='word_1_88' title='bbox 429 1865 540 1919; x_wconf 82' lang='lat' dir='ltr'>texendi</span> <span class='ocrx_word' id='word_1_89' title='bbox 554 1883 634 1918; x_wconf 87' lang='lat' dir='ltr'><strong>nosse</strong></span> <span class='ocrx_word' id='word_1_90' title='bbox 649 1865 783 1926; x_wconf 65' lang='lat' dir='ltr'>laborem</span> 
     </span>
     <span class='ocr_line' id='line_1_19' title="bbox 160 1943 789 2016; baseline -0.003 -16"><span class='ocrx_word' id='word_1_91' title='bbox 160 1947 217 2001; x_wconf 88' lang='lat' dir='ltr'>Neo</span> <span class='ocrx_word' id='word_1_92' title='bbox 230 1943 306 2016; x_wconf 78' lang='lat' dir='ltr'>pepli</span> <span class='ocrx_word' id='word_1_93' title='bbox 318 1946 409 1999; x_wconf 86' lang='lat' dir='ltr'>radios</span> <span class='ocrx_word' id='word_1_94' title='bbox 422 1951 551 2014; x_wconf 88' lang='lat' dir='ltr'>poscunt,</span> <span class='ocrx_word' id='word_1_95' title='bbox 566 1963 617 1999; x_wconf 87' lang='lat' dir='ltr'>neo</span> <span class='ocrx_word' id='word_1_96' title='bbox 631 1943 694 1998; x_wconf 86' lang='lat' dir='ltr'>licia</span> <span class='ocrx_word' id='word_1_97' title='bbox 706 1945 789 1998; x_wconf 78' lang='lat' dir='ltr'>telae.</span> 
     </span>
     <span class='ocr_line' id='line_1_20' title="bbox 160 2024 930 2094; baseline -0.001 -14"><span class='ocrx_word' id='word_1_98' title='bbox 160 2026 245 2082; x_wconf 78' lang='lat' dir='ltr'>Nulla</span> <span class='ocrx_word' id='word_1_99' title='bbox 257 2025 323 2078; x_wconf 86' lang='lat' dir='ltr'>mihi</span> <span class='ocrx_word' id='word_1_100' title='bbox 336 2041 432 2078; x_wconf 88' lang='lat' dir='ltr'><strong>manus</strong></span> <span class='ocrx_word' id='word_1_101' title='bbox 446 2031 502 2088; x_wconf 82' lang='lat' dir='ltr'>est,</span> <span class='ocrx_word' id='word_1_102' title='bbox 516 2025 629 2094; x_wconf 86' lang='lat' dir='ltr'>pedibus</span> <span class='ocrx_word' id='word_1_103' title='bbox 643 2031 736 2078; x_wconf 85' lang='lat' dir='ltr'>tamen</span> <span class='ocrx_word' id='word_1_104' title='bbox 750 2024 841 2078; x_wconf 87' lang='lat' dir='ltr'>omnia</span> <span class='ocrx_word' id='word_1_105' title='bbox 853 2025 930 2079; x_wconf 84' lang='lat' dir='ltr'><strong>fiunt.</strong></span> 
     </span>
    </p>
   </div>
   <div class='ocr_carea' id='block_1_9' title="bbox 158 2184 869 2358">
    <p class='ocr_par' dir='ltr' id='par_1_12' title="bbox 158 2184 869 2358">
     <span class='ocr_line' id='line_1_21' title="bbox 631 2184 677 2238; baseline 0 0"><span class='ocrx_word' id='word_1_106' title='bbox 631 2184 677 2238; x_wconf 81' lang='grc'>57.</span> 
     </span>
     <span class='ocr_line' id='line_1_22' title="bbox 158 2287 869 2358; baseline 0 -18"><span class='ocrx_word' id='word_1_107' title='bbox 158 2287 256 2341; x_wconf 82' lang='lat' dir='ltr'>Rauca</span> <span class='ocrx_word' id='word_1_108' title='bbox 269 2302 369 2340; x_wconf 78' lang='lat' dir='ltr'><strong>sonans</strong></span> <span class='ocrx_word' id='word_1_109' title='bbox 384 2304 437 2358; x_wconf 81' lang='lat' dir='ltr'>ego</span> <span class='ocrx_word' id='word_1_110' title='bbox 453 2303 512 2340; x_wconf 83' lang='lat' dir='ltr'>sum</span> <span class='ocrx_word' id='word_1_111' title='bbox 524 2287 612 2341; x_wconf 88' lang='lat' dir='ltr'>media</span> <span class='ocrx_word' id='word_1_112' title='bbox 625 2289 728 2343; x_wconf 79' lang='lat' dir='ltr'>vocalis</span> <span class='ocrx_word' id='word_1_113' title='bbox 743 2287 770 2341; x_wconf 90' lang='lat' dir='ltr'>in</span> <span class='ocrx_word' id='word_1_114' title='bbox 784 2289 869 2350; x_wconf 87' lang='lat' dir='ltr'><strong>unda,</strong></span> 
     </span>
    </p>
   </div>
   <div class='ocr_carea' id='block_1_10' title="bbox 158 2367 961 2516">
    <p class='ocr_par' dir='ltr' id='par_1_13' title="bbox 158 2367 961 2516">
     <span class='ocr_line' id='line_1_23' title="bbox 159 2367 961 2438; baseline 0 -18"><span class='ocrx_word' id='word_1_115' title='bbox 159 2367 279 2438; x_wconf 86' lang='lat' dir='ltr'><strong>Cumque</strong></span> <span class='ocrx_word' id='word_1_116' title='bbox 294 2381 390 2420; x_wconf 85' lang='lat' dir='ltr'>canam</span> <span class='ocrx_word' id='word_1_117' title='bbox 405 2381 524 2436; x_wconf 83' lang='lat' dir='ltr'>semper,</span> <span class='ocrx_word' id='word_1_118' title='bbox 539 2367 631 2420; x_wconf 90' lang='lat' dir='ltr'><strong>nullus</strong></span> <span class='ocrx_word' id='word_1_119' title='bbox 645 2384 707 2420; x_wconf 88' lang='lat' dir='ltr'>mea</span> <span class='ocrx_word' id='word_1_120' title='bbox 720 2367 840 2422; x_wconf 86' lang='lat' dir='ltr'>carmina</span> <span class='ocrx_word' id='word_1_121' title='bbox 853 2367 961 2420; x_wconf 83' lang='lat' dir='ltr'>laudat:</span> 
     </span>
     <span class='ocr_line' id='line_1_24' title="bbox 158 2445 852 2516; baseline 0 -16"><span class='ocrx_word' id='word_1_122' title='bbox 158 2445 203 2499; x_wconf 83' lang='lat' dir='ltr'>Sio</span> <span class='ocrx_word' id='word_1_123' title='bbox 215 2463 271 2500; x_wconf 76' lang='lat' dir='ltr'>uox</span> <span class='ocrx_word' id='word_1_124' title='bbox 284 2447 367 2500; x_wconf 83' lang='lat' dir='ltr'>laude</span> <span class='ocrx_word' id='word_1_125' title='bbox 381 2451 470 2510; x_wconf 78' lang='lat' dir='ltr'>taret,</span> <span class='ocrx_word' id='word_1_126' title='bbox 487 2461 557 2515; x_wconf 86' lang='lat' dir='ltr'>quae</span> <span class='ocrx_word' id='word_1_127' title='bbox 572 2463 601 2498; x_wconf 83' lang='lat' dir='ltr'>se</span> <span class='ocrx_word' id='word_1_128' title='bbox 615 2446 770 2500; x_wconf 74' lang='lat' dir='ltr'>laudaverit</span> <span class='ocrx_word' id='word_1_129' title='bbox 783 2446 852 2516; x_wconf 84' lang='lat' dir='ltr'>ipsa.</span> 
     </span>
    </p>
   </div>
   <div class='ocr_carea' id='block_1_11' title="bbox 157 2621 1001 2874">
    <p class='ocr_par' dir='ltr' id='par_1_14' title="bbox 157 2621 1001 2874">
     <span class='ocr_line' id='line_1_25' title="bbox 630 2621 677 2677; baseline -0.021 0"><span class='ocrx_word' id='word_1_130' title='bbox 630 2621 677 2677; x_wconf 83' lang='lat'>58.</span> 
     </span>
     <span class='ocr_line' id='line_1_26' title="bbox 157 2723 1001 2808; baseline 0.002 -30"><span class='ocrx_word' id='word_1_131' title='bbox 157 2723 238 2778; x_wconf 79' lang='lat' dir='ltr'>Alter</span> <span class='ocrx_word' id='word_1_132' title='bbox 252 2725 312 2788; x_wconf 84' lang='lat' dir='ltr'>dat,</span> <span class='ocrx_word' id='word_1_133' title='bbox 329 2724 479 2780; x_wconf 78' lang='lat' dir='ltr'>nechabet</span> <span class='ocrx_word' id='word_1_134' title='bbox 493 2725 563 2793; x_wconf 87' lang='lat' dir='ltr'><strong>quod</strong></span> <span class='ocrx_word' id='word_1_135' title='bbox 576 2724 635 2786; x_wconf 85' lang='lat' dir='ltr'>det,</span> <span class='ocrx_word' id='word_1_136' title='bbox 650 2723 725 2808; x_wconf 72' lang='lat' dir='ltr'>capit</span> <span class='ocrx_word' id='word_1_137' title='bbox 738 2724 809 2778; x_wconf 88' lang='lat' dir='ltr'>alter</span> <span class='ocrx_word' id='word_1_138' title='bbox 822 2726 961 2796; x_wconf 83' lang='lat' dir='ltr'>habetque</span> <span class='ocrx_word' id='word_1_139' title='bbox 997 2773 1001 2780; x_wconf 95' lang='grc'><em>,</em></span> 
     </span>
     <span class='ocr_line' id='line_1_27' title="bbox 197 2803 851 2874; baseline 0.006 -18"><span class='ocrx_word' id='word_1_140' title='bbox 197 2803 253 2856; x_wconf 88' lang='lat' dir='ltr'>Ceu</span> <span class='ocrx_word' id='word_1_141' title='bbox 266 2803 368 2859; x_wconf 83' lang='lat' dir='ltr'><strong>famulo</strong></span> <span class='ocrx_word' id='word_1_142' title='bbox 381 2803 513 2860; x_wconf 81' lang='lat' dir='ltr'><strong>Dominus</strong></span> <span class='ocrx_word' id='word_1_143' title='bbox 528 2805 599 2874; x_wconf 88' lang='lat' dir='ltr'><strong>quod</strong></span> <span class='ocrx_word' id='word_1_144' title='bbox 611 2805 659 2858; x_wconf 87' lang='lat' dir='ltr'>det</span> <span class='ocrx_word' id='word_1_145' title='bbox 672 2805 779 2859; x_wconf 86' lang='lat' dir='ltr'>abunde</span> <span class='ocrx_word' id='word_1_146' title='bbox 793 2821 851 2860; x_wconf 85' lang='lat' dir='ltr'><strong>suo.</strong></span> 
     </span>
    </p>
   </div>
   <div class='ocr_carea' id='block_1_12' title="bbox 629 2962 676 3018">
    <p class='ocr_par' dir='ltr' id='par_1_15' title="bbox 629 2962 676 3018">
     <span class='ocr_line' id='line_1_28' title="bbox 629 2962 676 3018; baseline 0.021 -1"><span class='ocrx_word' id='word_1_147' title='bbox 629 2962 676 3018; x_wconf 86' lang='grc'>59.</span> 
     </span>
    </p>
   </div>
   <div class='ocr_carea' id='block_1_13' title="bbox 157 3066 850 3221">
    <p class='ocr_par' dir='ltr' id='par_1_16' title="bbox 157 3066 850 3221">
     <span class='ocr_line' id='line_1_29' title="bbox 157 3066 812 3132; baseline 0.002 -9"><span class='ocrx_word' id='word_1_148' title='bbox 157 3066 253 3123; x_wconf 82' lang='lat' dir='ltr'>Omnia</span> <span class='ocrx_word' id='word_1_149' title='bbox 266 3083 404 3132; x_wconf 74' lang='lat' dir='ltr'><strong>consumo,</strong></span> <span class='ocrx_word' id='word_1_150' title='bbox 419 3068 499 3123; x_wconf 80' lang='lat' dir='ltr'><strong>foveo</strong></span> <span class='ocrx_word' id='word_1_151' title='bbox 513 3069 592 3124; x_wconf 71' lang='lat' dir='ltr'>simul</span> <span class='ocrx_word' id='word_1_152' title='bbox 606 3069 708 3132; x_wconf 88' lang='lat' dir='ltr'>omnia,</span> <span class='ocrx_word' id='word_1_153' title='bbox 722 3085 812 3124; x_wconf 83' lang='lat' dir='ltr'>rerum</span> 
     </span>
     <span class='ocr_line' id='line_1_30' title="bbox 196 3147 850 3221; baseline -0.002 -18"><span class='ocrx_word' id='word_1_154' title='bbox 196 3148 287 3203; x_wconf 82' lang='lat' dir='ltr'>Causa</span> <span class='ocrx_word' id='word_1_155' title='bbox 300 3147 351 3213; x_wconf 80' lang='lat' dir='ltr'>tui,</span> <span class='ocrx_word' id='word_1_156' title='bbox 366 3164 457 3202; x_wconf 83' lang='lat' dir='ltr'>rerum</span> <span class='ocrx_word' id='word_1_157' title='bbox 469 3166 534 3204; x_wconf 86' lang='lat' dir='ltr'>mox</span> <span class='ocrx_word' id='word_1_158' title='bbox 548 3166 655 3221; x_wconf 86' lang='lat' dir='ltr'><strong>quoque</strong></span> <span class='ocrx_word' id='word_1_159' title='bbox 668 3147 728 3203; x_wconf 83' lang='lat' dir='ltr'>finis</span> <span class='ocrx_word' id='word_1_160' title='bbox 742 3165 798 3204; x_wconf 80' lang='lat' dir='ltr'>ero.</span> <span class='ocrx_word' id='word_1_161' title='bbox 814 3175 850 3187; x_wconf 92' lang='lat'>-</span> 
     </span>
    </p>
   </div>
   <div class='ocr_carea' id='block_1_14' title="bbox 0 0 1272 3576">
    <p class='ocr_par' dir='ltr' id='par_1_17' title="bbox 0 0 1272 3576">
     <span class='ocr_line' id='line_1_31' title="bbox 0 0 1272 3576; baseline 0 4"><span class='ocrx_word' id='word_1_162' title='bbox 0 0 1272 3576; x_wconf 95' lang='lat' dir='ltr'> </span> 
     </span>
    </p>
   </div>
  </div>
 </body>
</html>
