2534 3576
442 229 472 274 11.
484 227 639 290 Aenigmata
649 229 779 288 syllabica.

587 385 634 440 71.

164 485 192 540 1.
214 484 243 540 Si
257 485 385 548 festines,
400 492 479 539 utere
493 504 549 550 me,
564 487 600 540 mi
614 503 678 542 care
692 487 790 541 viator.

162 565 192 618 2.
214 565 303 618 Unum
318 582 392 628 sum;
406 566 541 636 pluralem
556 572 586 618 tu
600 583 680 630 cure,
696 585 776 620 coece
790 567 898 620 marite.

97 641 145 703 ss).
154 642 196 703 Θ.
212 645 304 698 Haece
319 645 388 698 tuba
401 649 516 698 cautant
530 647 640 699 affines:
658 646 774 709 „solvite
788 646 934 702 nummos.“

586 851 632 906 72.

165 955 193 1010 1.
214 955 299 1008 Utere
312 973 368 1018 me,
384 957 442 1010 sole
457 962 516 1010 orbo
531 959 637 1020 adsum;
654 960 759 1026 quando
775 957 871 1012 occidit
885 957 946 1022 ille,

215 1035 278 1088 Non
292 1036 385 1088 adsum
394 1074 486 1090 ......

163 1111 193 1168 2.
213 1114 338 1184 Aufuge,
353 1115 467 1183 parvule
481 1126 611 1185 nequam,
625 1133 688 1170 nam
698 1115 866 1186 jugulabere
881 1121 969 1179 cerbe3

215 1194 326 1264 Magnis
336 1192 427 1260 janua
441 1201 539 1264 aperta¹
553 1202 610 1248 osb.
620 1235 626 1250 .
636 1236 661 1250 ..

103 1269 145 1330 5).
158 1267 198 1332 Θ.
212 1272 348 1326 Innumeri
363 1280 437 1335 sunt;
453 1273 477 1326 si
489 1274 573 1327 vullis
587 1277 753 1345 suspendere
767 1290 912 1344 quemque,

214 1352 345 1406 Psciuuu
358 1353 470 1422 erigite:
486 1359 529 1408 esi
543 1356 640 1423 laqueo
655 1354 741 1424 quiris
755 1355 826 1406 bene
840 1353 947 1430 diguus.

585 1559 630 1613 73.

168 1661 192 1716 1.
214 1662 266 1715 Est
279 1662 364 1717 nitide
380 1671 463 1733 eaput
477 1671 652 1727 exornatum,
668 1670 699 1718 ub
713 1663 813 1718 femine
827 1669 917 1715 comta

215 1741 417 1796 Sese'odoralis
432 1751 461 1796 et
474 1745 555 1798 bellis
569 1745 680 1798 floribus
696 1749 784 1797 ornei.

213 1822 281 1874 Esto
296 1822 448 1886 subtecto,
465 1824 571 1894 accipe,
587 1826 657 1894 quod
671 1823 721 1878 tibi
734 1823 867 1892 praebeo,
883 1825 978 1891 grate,

213 1901 251 1954 Ec
264 1901 404 1971 requiesce
419 1913 448 1956 et
462 1903 558 1968 dormi,
574 1910 685 1958 cunctus
700 1903 767 1956 elice
782 1917 868 1954 curas.

212 1979 310 2050 Longe
324 1983 443 2050 produco
457 1983 555 2046 vilem,
570 2000 656 2054 usque
671 1983 705 2036 ad
718 1980 840 2034 Nestoris
856 1995 952 2050 anuos.
1020 1975 1024 1982 ’

213 2059 343 2116 Debitum
358 2077 412 2130 ego
425 2078 489 2114 raro
502 2069 619 2116 naturae
635 2063 741 2116 solvere
755 2076 878 2130 possum,

214 2137 290 2192 Nam'
298 2140 397 2192 morior
409 2157 460 2210 per
473 2141 526 2194 viru
540 2142 700 2211 plerumque
714 2156 810 2210 meque
825 2143 923 2191 enecat
937 2135 1019 2192 ensis.

215 2219 299 2272 Omne
313 2221 431 2274 cadaver
444 2219 562 2288 majores
576 2221 663 2274 nostri
676 2220 741 2290 igue
755 2223 920 2272 cremarent:

213 2298 356 2352 Hactenus
371 2299 414 2352 hic
429 2300 457 2352 iu
470 2317 513 2354 me
526 2317 583 2354 mos
597 2299 726 2369 antiquus
739 2304 896 2352 renovatur.

212 2378 258 2432 Me
272 2377 397 2432 meritum
411 2379 536 2448 deplores
552 2385 581 2432 eb
595 2379 699 2432 cineres
712 2394 853 2433 venerere.

118 2455 148 2511 2.
163 2455 191 2512 3.
212 2456 324 2526 Spissae
338 2457 380 2511 his
394 2457 515 2512 interris
530 2464 624 2512 esseut
637 2465 769 2528 altaeque
783 2459 928 2520 tenebrae,
986 2467 987 2472 ’

211 2537 310 2606 Nilque
324 2537 471 2602 hominem,
485 2545 599 2608 praeter
611 2555 672 2602 uos,
687 2543 784 2610 possea
795 2538 907 2592 reddere
922 2536 1037 2589 doctum.

112 2634 116 2648 ¹
213 2615 265 2678 Qui
277 2616 386 2687 populis
400 2617 549 2687 praeestis,
566 2636 581 2670 o
596 2625 690 2672 curete
705 2619 822 2672 salutem
901 2618 904 2626 ’

211 2696 351 2759 Nostram:
366 2698 444 2750 nulla
457 2695 527 2750 elide
542 2698 616 2751 salus
631 2703 675 2751 esb
687 2713 754 2752 vere
767 2697 942 2751 inveniendae

211 2775 275 2839 Hic,
289 2777 400 2846 populi,⁴
412 2778 472 2830 fons
487 2777 626 2832 doctrinae
640 2783 683 2831 esi
695 2777 824 2846 vitaeque
838 2777 947 2828 beatae.

103 2852 146 2916 D.
156 2850 194 2914 (ll.
211 2855 263 2916 Qui
278 2855 388 2924 cupidus
399 2855 458 2925 jam
472 2873 543 2909 nunc
557 2857 660 2910 fructus
674 2858 748 2920 mill,
763 2855 893 2924 displiceo
907 2853 957 2908 illi.
1012 2901 1014 2907 ,

212 2935 250 2989 Te
265 2935 337 2989 satia
351 2952 411 3004 spe,
426 2952 481 2989 non
494 2935 580 3000 fellis,
595 2937 746 2990 certissima
759 2949 822 3003 spes
837 2938 894 2987 ecl:
1006 2923 1011 2942 ’

213 3015 265 3076 Qui
278 3032 350 3068 nunc
364 3022 551 3079 succrescunt,
566 3022 598 3070 tu
611 3033 675 3069 mox
690 3013 959 3085 spectabiaadultos.

207 3091 326 3156 Quando
341 3096 519 3168 emigramus,
533 3096 637 3149 fructm
651 3109 715 3148 mox
729 3092 843 3163 colliges
856 3093 917 3159 ille,

213 3174 264 3235 Qui
278 3173 306 3226 iu
320 3175 422 3228 culeum
435 3181 543 3228 teneros
553 3174 672 3245 juvenes
685 3189 735 3227 nos
750 3172 864 3243 suscipio
877 3170 987 3232 arrium·

144 3275 259 3322 Binder,
274 3275 404 3324 lemmata
931 3251 948 3304 5
