2534 3576
440 245 460 292 1.
471 244 622 308 Aenigmata
631 245 775 295 nominalia.

107 400 173 454 Nam
187 405 314 462 meluens
328 397 411 452 hiemi
424 415 487 453 maa
499 400 645 472 pinguibus
658 402 759 455 horrea
772 403 866 474 grauis

106 479 222 548 Impleo‚
236 495 277 532 no
285 478 433 532 macilenta
445 479 531 533 fames
546 487 688 534 consumat
702 498 831 554 egenam,

106 560 172 613 (inm
182 557 241 628 jam
255 575 305 628 por
317 574 418 613 vacuos
431 564 551 629 regnant
560 559 670 628 jejunia
683 577 800 630 campos.

106 640 220 708 Quoque
233 638 311 692 famia
325 639 413 708 major
425 644 513 691 metus
528 647 582 703 est,
597 656 649 709 quo
663 640 751 694 rarior
764 639 829 694 anni

105 717 273 782 Proventns,
286 718 375 790 magio
388 718 439 772 hoo
452 716 546 788 gliscit
559 717 624 772 mihi
637 734 703 773 cura
715 719 826 777 laboris.

105 796 158 851 Illa
171 799 268 851 eadem
281 797 392 868 pluviae
405 804 538 850 venturae
551 798 676 866 praescia
689 805 778 853 vates.

105 877 198 931 Allius
212 883 369 931 exstructos
383 874 458 930 lorti
472 893 659 948 superaggero
673 877 764 941 nidos,

106 956 262 1026 congestas
276 973 310 1009 na
323 963 431 1027 mergat
444 973 510 1025 opes
524 973 620 1027 meque
634 963 731 1010 enecet
744 957 853 1012 humor:

106 1035 150 1092 Sic
163 1037 199 1089 do
213 1035 336 1090 sollicitis
351 1035 502 1105 pluviarum
517 1036 599 1108 signa
612 1035 724 1090 colonis.

580 1211 626 1266 14.

105 1316 136 1368 In
150 1315 256 1368 Vestae
270 1315 394 1384 genitum
406 1315 510 1387 gremio
524 1313 659 1384 Vulcania
671 1314 750 1384 fingit

105 1395 151 1449 lie
165 1395 221 1458 ris,
237 1399 267 1446 et
279 1394 390 1448 moecho
404 1396 494 1450 licium
509 1397 557 1448 dat
569 1395 672 1450 habero
687 1393 814 1450 Gradivo.

106 1474 152 1527 Nil
166 1473 241 1527 aliud
254 1479 353 1527 venter
365 1491 439 1528 meua
454 1481 509 1539 est,
524 1473 576 1528 nisi
589 1472 676 1544 longa
690 1489 819 1538 caverna,

105 1555 206 1606 Altera
219 1569 284 1622 pars
298 1552 376 1622 cujus
388 1559 470 1624 patet
483 1549 514 1607 o't
525 1553 584 1606 vice
597 1552 720 1622 fungitur
734 1553 811 1623 oria„

105 1633 207 1688 Altera
220 1634 267 1686 sed
283 1633 378 1686 clausa
391 1639 447 1696 asc,
462 1651 512 1687 nac
527 1633 670 1702 quidquam
686 1631 820 1685 emittitur
833 1629 892 1686 illi.

105 1713 179 1766 Esca
191 1711 382 1776 minimuum,
398 1714 542 1776 carbones,
557 1712 702 1780 sulphura,
717 1710 815 1776 linum,

105 1793 143 1846 Et
156 1791 296 1861 plumbum
311 1797 340 1844 el
353 1792 466 1856 ferrum,
482 1808 564 1862 quaa,
580 1798 675 1844 ventre
690 1795 806 1860 accepia
819 1790 928 1860 capaci,

105 1873 210 1942 lgneus
224 1876 256 1924 ut
268 1871 365 1942 tetigit
377 1871 512 1926 fervor-
524 1887 584 1925 nam
599 1885 679 1924 cassa
692 1869 790 1924 caloris

106 1951 171 2005 Sum
182 1949 286 2020 proprii
301 1980 336 1990 -
352 1950 441 2004 subito
454 1968 562 2005 revomo
576 1955 708 2019 tantoque
722 1948 833 2019 iragope

105 2029 208 2099 Ejicio,
223 2034 256 2084 ul
269 2030 353 2084 lellus
366 2047 498 2085 concussa
510 2029 650 2083 tremiscat
663 2035 693 2082 et
705 2029 811 2084 aether.

508 2175 512 2182 ’
580 2185 625 2240 15.

106 2290 156 2345 Vir
168 2291 270 2360 probus'
284 2306 302 2343 a
314 2292 430 2360 reprobo
444 2307 540 2344 munus
554 2306 636 2360 preca
649 2287 738 2359 poscit
752 2295 781 2344 el
795 2291 901 2354 aufert,

147 2371 242 2425 Carius
257 2369 284 2423 in
298 2376 357 2424 loto
371 2387 424 2440 quo
438 2370 505 2424 nihil
519 2372 585 2424 orbo
598 2369 658 2423 luit.

106 2449 221 2505 Nomina
235 2450 288 2514 dic,
304 2451 433 2520 agedum,
448 2449 610 2520 reprobique
623 2447 769 2519 probique;
784 2450 881 2512 suada,

146 2530 217 2593 Quid
229 2529 332 2602 probus
346 2546 364 2584 a
376 2531 493 2600 reprobo
507 2529 627 2584 muneris
640 2527 803 2583 abstulerit?

484 2688 714 2742 ’16.“

105 2785 319 2840 remanorum
332 2784 397 2838 mihi
410 2797 516 2853 semper
529 2783 697 2847 substantio,
710 2799 804 2837 rernm

144 2864 206 2918 Non
219 2880 289 2917 unua
297 2880 411 2933 ⁴semper
423 2869 568 2932 permaneo
581 2878 666 2932 usque
680 2863 766 2916 valor.

105 2944 157 2998 Hic
169 2943 250 2996 valeo
265 2959 383 3008 nummo,
399 2941 479 2995 cilius
493 2945 539 2996 aod
554 2942 674 3009 nomine,
689 2946 798 2995 contum

145 3022 269 3077 Floronia
283 3023 362 3087 alibi,
376 3021 504 3091 milleque
518 3039 624 3076 rursum
637 3021 714 3077 alibi.

104 3103 137 3156 ln
150 3101 231 3172 pejus
244 3118 309 3156 mox
322 3102 418 3156 deinde
431 3117 481 3156 ruo
494 3101 665 3170 viloscoquc,
679 3102 771 3154 fluxae

143 3182 209 3237 Sum
222 3187 306 3252 typus
322 3197 389 3253 crgo
403 3187 469 3234 tuae
483 3179 659 3243 conditionis,
673 3179 763 3234 homo.
