<?xml version="1.0" encoding="UTF-8"?>
<!DOCTYPE html PUBLIC "-//W3C//DTD XHTML 1.0 Transitional//EN"
    "http://www.w3.org/TR/xhtml1/DTD/xhtml1-transitional.dtd">
<html xmlns="http://www.w3.org/1999/xhtml" xml:lang="en" lang="en">
 <head>
  <title>
</title>
<meta http-equiv="Content-Type" content="text/html;charset=utf-8" />
  <meta name='ocr-system' content='tesseract 3.04.00' />
  <meta name='ocr-capabilities' content='ocr_page ocr_carea ocr_par ocr_line ocrx_word'/>
</head>
<body>
  <div class='ocr_page' id='page_1' title='image "./floresaenigmatu00bindgoog/floresaenigmatu00bindgoog_0023.png"; bbox 0 0 2534 3576; ppageno 0'>
   <div class='ocr_carea' id='block_1_1' title="bbox 138 169 799 242">
    <p class='ocr_par' dir='ltr' id='par_1_1' title="bbox 138 169 799 242">
     <span class='ocr_line' id='line_1_1' title="bbox 138 169 799 242; baseline -0.006 -12"><span class='ocrx_word' id='word_1_1' title='bbox 138 169 177 230; x_wconf 85' lang='lat'>12</span> <span class='ocrx_word' id='word_1_2' title='bbox 192 205 196 216; x_wconf 92' lang='lat'>.</span> <span class='ocrx_word' id='word_1_3' title='bbox 463 179 482 226; x_wconf 79' lang='lat'>1.</span> <span class='ocrx_word' id='word_1_4' title='bbox 493 177 645 242; x_wconf 65' lang='lat' dir='ltr'>Aenigmata</span> <span class='ocrx_word' id='word_1_5' title='bbox 655 179 799 227; x_wconf 83' lang='lat' dir='ltr'>nominolro.</span> 
     </span>
    </p>
   </div>
   <div class='ocr_carea' id='block_1_2' title="bbox 605 332 651 388">
    <p class='ocr_par' dir='ltr' id='par_1_2' title="bbox 605 332 651 388">
     <span class='ocr_line' id='line_1_2' title="bbox 605 332 651 388; baseline 0.065 -3"><span class='ocrx_word' id='word_1_6' title='bbox 605 332 651 388; x_wconf 75' lang='lat'>47.</span> 
     </span>
    </p>
   </div>
   <div class='ocr_carea' id='block_1_3' title="bbox 134 437 905 588">
    <p class='ocr_par' dir='ltr' id='par_1_3' title="bbox 134 437 905 588">
     <span class='ocr_line' id='line_1_3' title="bbox 134 437 841 510; baseline 0 -18"><span class='ocrx_word' id='word_1_7' title='bbox 134 437 213 492; x_wconf 89' lang='lat' dir='ltr'>Nunc</span> <span class='ocrx_word' id='word_1_8' title='bbox 226 443 341 493; x_wconf 79' lang='lat' dir='ltr'>matrem</span> <span class='ocrx_word' id='word_1_9' title='bbox 353 439 487 509; x_wconf 80' lang='lat' dir='ltr'>praecedo</span> <span class='ocrx_word' id='word_1_10' title='bbox 501 454 602 501; x_wconf 85' lang='lat' dir='ltr'>meam,</span> <span class='ocrx_word' id='word_1_11' title='bbox 617 437 736 510; x_wconf 77' lang='lat' dir='ltr'>vestigio</span> <span class='ocrx_word' id='word_1_12' title='bbox 748 437 841 492; x_wconf 83' lang='lat' dir='ltr'>matris</span> 
     </span>
     <span class='ocr_line' id='line_1_4' title="bbox 134 515 905 588; baseline -0.003 -16"><span class='ocrx_word' id='word_1_13' title='bbox 134 518 212 582; x_wconf 80' lang='lat' dir='ltr'>Nunc</span> <span class='ocrx_word' id='word_1_14' title='bbox 226 535 324 588; x_wconf 86' lang='lat' dir='ltr'>sequor</span> <span class='ocrx_word' id='word_1_15' title='bbox 338 525 366 572; x_wconf 88' lang='lat' dir='ltr'>et</span> <span class='ocrx_word' id='word_1_16' title='bbox 379 518 461 573; x_wconf 86' lang='lat' dir='ltr'>loteri</span> <span class='ocrx_word' id='word_1_17' title='bbox 474 534 544 572; x_wconf 91' lang='lat' dir='ltr'>nuno</span> <span class='ocrx_word' id='word_1_18' title='bbox 558 519 672 580; x_wconf 78' lang='lat' dir='ltr'>haereo,</span> <span class='ocrx_word' id='word_1_19' title='bbox 687 515 784 588; x_wconf 81' lang='lat' dir='ltr'>nempe¹</span> <span class='ocrx_word' id='word_1_20' title='bbox 797 517 905 587; x_wconf 81' lang='lat' dir='ltr'>parenti</span> 
     </span>
    </p>
   </div>
   <div class='ocr_carea' id='block_1_4' title="bbox 133 599 914 780">
    <p class='ocr_par' dir='ltr' id='par_1_4' title="bbox 133 599 914 780">
     <span class='ocr_line' id='line_1_5' title="bbox 133 599 914 684; baseline -0.003 -16"><span class='ocrx_word' id='word_1_21' title='bbox 133 599 221 668; x_wconf 63' lang='lat' dir='ltr'>Prout</span> <span class='ocrx_word' id='word_1_22' title='bbox 234 629 294 668; x_wconf 82' lang='lat' dir='ltr'>meo</span> <span class='ocrx_word' id='word_1_23' title='bbox 307 631 337 668; x_wconf 85' lang='lat' dir='ltr'>se</span> <span class='ocrx_word' id='word_1_24' title='bbox 352 614 471 668; x_wconf 74' lang='lat' dir='ltr'>obvertit</span> <span class='ocrx_word' id='word_1_25' title='bbox 484 612 607 684; x_wconf 77' lang='lat' dir='ltr'>genitrix</span> <span class='ocrx_word' id='word_1_26' title='bbox 620 614 672 667; x_wconf 85' lang='lat' dir='ltr'>hoc</span> <span class='ocrx_word' id='word_1_27' title='bbox 685 620 778 683; x_wconf 84' lang='lat' dir='ltr'>porte,</span> <span class='ocrx_word' id='word_1_28' title='bbox 793 614 837 666; x_wconf 86' lang='lat' dir='ltr'>vel</span> <span class='ocrx_word' id='word_1_29' title='bbox 852 612 914 678; x_wconf 86' lang='lat' dir='ltr'>ilio,</span> 
     </span>
     <span class='ocr_line' id='line_1_6' title="bbox 134 693 883 780; baseline 0.001 -34"><span class='ocrx_word' id='word_1_30' title='bbox 134 694 189 747; x_wconf 88' lang='lat' dir='ltr'>Vel</span> <span class='ocrx_word' id='word_1_31' title='bbox 201 699 282 765; x_wconf 82' lang='lat' dir='ltr'>poter</span> <span class='ocrx_word' id='word_1_32' title='bbox 294 693 408 747; x_wconf 87' lang='lat' dir='ltr'>intuitur</span> <span class='ocrx_word' id='word_1_33' title='bbox 421 693 580 764; x_wconf 80' lang='lat' dir='ltr'>genitricem</span> <span class='ocrx_word' id='word_1_34' title='bbox 594 694 646 746; x_wconf 86' lang='lat' dir='ltr'>hoc</span> <span class='ocrx_word' id='word_1_35' title='bbox 659 697 752 780; x_wconf 68' lang='lat' dir='ltr'>porte3</span> <span class='ocrx_word' id='word_1_36' title='bbox 768 693 811 747; x_wconf 82' lang='lat' dir='ltr'>vel</span> <span class='ocrx_word' id='word_1_37' title='bbox 826 693 883 748; x_wconf 87' lang='lat' dir='ltr'>ills.</span> 
     </span>
    </p>
   </div>
   <div class='ocr_carea' id='block_1_5' title="bbox 561 909 653 973">
    <p class='ocr_par' dir='ltr' id='par_1_5' title="bbox 561 909 653 973">
     <span class='ocr_line' id='line_1_7' title="bbox 561 909 653 973; baseline 0.011 -1"><span class='ocrx_word' id='word_1_38' title='bbox 561 909 578 934; x_wconf 80' lang='grc'>’“</span> <span class='ocrx_word' id='word_1_39' title='bbox 605 917 653 973; x_wconf 87' lang='grc'>48.</span> 
     </span>
    </p>
   </div>
   <div class='ocr_carea' id='block_1_6' title="bbox 60 1035 863 1506">
    <p class='ocr_par' dir='ltr' id='par_1_6' title="bbox 135 1035 844 1187">
     <span class='ocr_line' id='line_1_8' title="bbox 135 1035 844 1107; baseline 0.003 -16"><span class='ocrx_word' id='word_1_40' title='bbox 135 1036 197 1091; x_wconf 90' lang='lat' dir='ltr'>Nou</span> <span class='ocrx_word' id='word_1_41' title='bbox 211 1035 289 1090; x_wconf 85' lang='lat' dir='ltr'>didici</span> <span class='ocrx_word' id='word_1_42' title='bbox 302 1037 420 1090; x_wconf 88' lang='lat' dir='ltr'>numeris</span> <span class='ocrx_word' id='word_1_43' title='bbox 434 1038 592 1092; x_wconf 79' lang='lat' dir='ltr'>numerandi</span> <span class='ocrx_word' id='word_1_44' title='bbox 605 1037 730 1107; x_wconf 88' lang='lat' dir='ltr'>pluribus</span> <span class='ocrx_word' id='word_1_45' title='bbox 744 1045 844 1101; x_wconf 82' lang='lat' dir='ltr'>artem,</span> 
     </span>
     <span class='ocr_line' id='line_1_9' title="bbox 175 1115 814 1187; baseline 0.006 -18"><span class='ocrx_word' id='word_1_46' title='bbox 175 1115 235 1169; x_wconf 92' lang='lat' dir='ltr'>Non</span> <span class='ocrx_word' id='word_1_47' title='bbox 251 1133 410 1187; x_wconf 87' lang='lat' dir='ltr'>quocunque</span> <span class='ocrx_word' id='word_1_48' title='bbox 423 1119 501 1172; x_wconf 90' lang='lat' dir='ltr'>modo</span> <span class='ocrx_word' id='word_1_49' title='bbox 515 1117 644 1187; x_wconf 86' lang='lat' dir='ltr'>temporis</span> <span class='ocrx_word' id='word_1_50' title='bbox 660 1119 724 1172; x_wconf 89' lang='lat' dir='ltr'>ordo</span> <span class='ocrx_word' id='word_1_51' title='bbox 738 1118 814 1174; x_wconf 82' lang='lat' dir='ltr'>fluat.</span> 
     </span>
    </p>

    <p class='ocr_par' dir='ltr' id='par_1_7' title="bbox 60 1193 863 1347">
     <span class='ocr_line' id='line_1_10' title="bbox 60 1193 863 1270; baseline 0.002 -22"><span class='ocrx_word' id='word_1_52' title='bbox 60 1239 62 1243; x_wconf 93' lang='lat'>.</span> <span class='ocrx_word' id='word_1_53' title='bbox 135 1196 177 1260; x_wconf 84' lang='lat' dir='ltr'>Ne</span> <span class='ocrx_word' id='word_1_54' title='bbox 190 1194 281 1266; x_wconf 77' lang='lat' dir='ltr'>fugiet</span> <span class='ocrx_word' id='word_1_55' title='bbox 295 1213 435 1260; x_wconf 84' lang='lat' dir='ltr'>numerus,</span> <span class='ocrx_word' id='word_1_56' title='bbox 449 1214 485 1250; x_wconf 90' lang='lat' dir='ltr'>ne</span> <span class='ocrx_word' id='word_1_57' title='bbox 499 1193 623 1270; x_wconf 27' lang='lat' dir='ltr'>ioilotlin</span> <span class='ocrx_word' id='word_1_58' title='bbox 637 1197 729 1264; x_wconf 79' lang='lat' dir='ltr'>ordine</span> <span class='ocrx_word' id='word_1_59' title='bbox 743 1202 863 1267; x_wconf 84' lang='lat' dir='ltr'>tempus,</span> 
     </span>
     <span class='ocr_line' id='line_1_11' title="bbox 175 1275 801 1347; baseline 0.005 -19"><span class='ocrx_word' id='word_1_60' title='bbox 175 1275 386 1347; x_wconf 81' lang='lat' dir='ltr'>Successumque</span> <span class='ocrx_word' id='word_1_61' title='bbox 400 1278 480 1330; x_wconf 85' lang='lat' dir='ltr'>dotus</span> <span class='ocrx_word' id='word_1_62' title='bbox 494 1277 596 1332; x_wconf 81' lang='lat' dir='ltr'>sentiat</span> <span class='ocrx_word' id='word_1_63' title='bbox 609 1294 694 1347; x_wconf 89' lang='lat' dir='ltr'>usque</span> <span class='ocrx_word' id='word_1_64' title='bbox 708 1276 801 1341; x_wconf 79' lang='lat' dir='ltr'>lobon,</span> 
     </span>
    </p>

    <p class='ocr_par' dir='ltr' id='par_1_8' title="bbox 136 1355 852 1506">
     <span class='ocr_line' id='line_1_12' title="bbox 136 1355 840 1427; baseline 0.001 -18"><span class='ocrx_word' id='word_1_65' title='bbox 136 1355 175 1409; x_wconf 84' lang='lat' dir='ltr'>Te</span> <span class='ocrx_word' id='word_1_66' title='bbox 190 1356 273 1409; x_wconf 87' lang='lat' dir='ltr'>doceo</span> <span class='ocrx_word' id='word_1_67' title='bbox 287 1371 424 1420; x_wconf 87' lang='lat' dir='ltr'>numeros,</span> <span class='ocrx_word' id='word_1_68' title='bbox 439 1357 523 1410; x_wconf 86' lang='lat' dir='ltr'>doceo</span> <span class='ocrx_word' id='word_1_69' title='bbox 537 1362 565 1409; x_wconf 87' lang='lat' dir='ltr'>ts</span> <span class='ocrx_word' id='word_1_70' title='bbox 578 1362 699 1426; x_wconf 89' lang='lat' dir='ltr'>tempus,</span> <span class='ocrx_word' id='word_1_71' title='bbox 714 1357 840 1427; x_wconf 87' lang='lat' dir='ltr'>utrinque</span> 
     </span>
     <span class='ocr_line' id='line_1_13' title="bbox 175 1434 852 1506; baseline 0.004 -19"><span class='ocrx_word' id='word_1_72' title='bbox 175 1434 246 1488; x_wconf 93' lang='lat' dir='ltr'>Dum</span> <span class='ocrx_word' id='word_1_73' title='bbox 259 1441 379 1490; x_wconf 88' lang='lat' dir='ltr'>monstro</span> <span class='ocrx_word' id='word_1_74' title='bbox 394 1451 532 1500; x_wconf 85' lang='lat' dir='ltr'>numeros,</span> <span class='ocrx_word' id='word_1_75' title='bbox 547 1436 675 1506; x_wconf 87' lang='lat' dir='ltr'>temporis</span> <span class='ocrx_word' id='word_1_76' title='bbox 690 1437 740 1492; x_wconf 86' lang='lat' dir='ltr'>edo</span> <span class='ocrx_word' id='word_1_77' title='bbox 753 1453 852 1492; x_wconf 82' lang='lat' dir='ltr'>moras.</span> 
     </span>
    </p>
   </div>
   <div class='ocr_carea' id='block_1_7' title="bbox 607 1669 655 1724">
    <p class='ocr_par' dir='ltr' id='par_1_9' title="bbox 607 1669 655 1724">
     <span class='ocr_line' id='line_1_14' title="bbox 607 1669 655 1724; baseline 0.042 -2"><span class='ocrx_word' id='word_1_78' title='bbox 607 1669 655 1724; x_wconf 80' lang='lat'>49.</span> 
     </span>
    </p>
   </div>
   <div class='ocr_carea' id='block_1_8' title="bbox 136 1788 872 2416">
    <p class='ocr_par' dir='ltr' id='par_1_10' title="bbox 136 1788 872 1940">
     <span class='ocr_line' id='line_1_15' title="bbox 136 1788 872 1860; baseline -0.001 -17"><span class='ocrx_word' id='word_1_79' title='bbox 136 1790 229 1844; x_wconf 84' lang='lat' dir='ltr'>Fundo</span> <span class='ocrx_word' id='word_1_80' title='bbox 243 1806 358 1852; x_wconf 89' lang='lat' dir='ltr'>merum,</span> <span class='ocrx_word' id='word_1_81' title='bbox 374 1788 478 1858; x_wconf 88' lang='lat' dir='ltr'>quoties</span> <span class='ocrx_word' id='word_1_82' title='bbox 493 1789 629 1858; x_wconf 84' lang='lat' dir='ltr'>deposcis,</span> <span class='ocrx_word' id='word_1_83' title='bbox 645 1789 727 1843; x_wconf 80' lang='lat' dir='ltr'>fundo</span> <span class='ocrx_word' id='word_1_84' title='bbox 741 1789 872 1860; x_wconf 77' lang='lat' dir='ltr'>liquores,</span> 
     </span>
     <span class='ocr_line' id='line_1_16' title="bbox 176 1869 854 1940; baseline 0.001 -18"><span class='ocrx_word' id='word_1_85' title='bbox 176 1869 416 1940; x_wconf 82' lang='lat' dir='ltr'>Unguentumque,</span> <span class='ocrx_word' id='word_1_86' title='bbox 431 1869 510 1922; x_wconf 91' lang='lat' dir='ltr'>litum</span> <span class='ocrx_word' id='word_1_87' title='bbox 524 1886 576 1938; x_wconf 90' lang='lat' dir='ltr'>quo</span> <span class='ocrx_word' id='word_1_88' title='bbox 590 1870 661 1923; x_wconf 87' lang='lat' dir='ltr'>bene</span> <span class='ocrx_word' id='word_1_89' title='bbox 676 1885 773 1938; x_wconf 91' lang='lat' dir='ltr'>corpus</span> <span class='ocrx_word' id='word_1_90' title='bbox 788 1870 854 1924; x_wconf 89' lang='lat' dir='ltr'>olet.</span> 
     </span>
    </p>

    <p class='ocr_par' dir='ltr' id='par_1_11' title="bbox 136 1947 801 2098">
     <span class='ocr_line' id='line_1_17' title="bbox 136 1947 801 2020; baseline -0.002 -17"><span class='ocrx_word' id='word_1_91' title='bbox 136 1950 244 2020; x_wconf 84' lang='lat' dir='ltr'>Depluo</span> <span class='ocrx_word' id='word_1_92' title='bbox 258 1947 464 2018; x_wconf 66' lang='lat' dir='ltr'>praecipitatio</span> <span class='ocrx_word' id='word_1_93' title='bbox 477 1949 686 2017; x_wconf 81' lang='lat' dir='ltr'>tempestatibus</span> <span class='ocrx_word' id='word_1_94' title='bbox 700 1950 801 2012; x_wconf 79' lang='lat' dir='ltr'>undas,</span> 
     </span>
     <span class='ocr_line' id='line_1_18' title="bbox 176 2027 763 2098; baseline 0 -16"><span class='ocrx_word' id='word_1_95' title='bbox 176 2028 310 2083; x_wconf 88' lang='lat' dir='ltr'>Perturbo</span> <span class='ocrx_word' id='word_1_96' title='bbox 324 2028 431 2098; x_wconf 78' lang='lat' dir='ltr'>mugnis</span> <span class='ocrx_word' id='word_1_97' title='bbox 444 2027 554 2081; x_wconf 84' lang='lat' dir='ltr'>fletibus</span> <span class='ocrx_word' id='word_1_98' title='bbox 568 2045 632 2082; x_wconf 91' lang='lat' dir='ltr'>usus</span> <span class='ocrx_word' id='word_1_99' title='bbox 646 2029 763 2082; x_wconf 88' lang='lat' dir='ltr'>humum.</span> 
     </span>
    </p>

    <p class='ocr_par' dir='ltr' id='par_1_12' title="bbox 136 2105 836 2260">
     <span class='ocr_line' id='line_1_19' title="bbox 136 2105 836 2178; baseline -0.001 -15"><span class='ocrx_word' id='word_1_100' title='bbox 136 2109 182 2164; x_wconf 88' lang='lat' dir='ltr'>Me</span> <span class='ocrx_word' id='word_1_101' title='bbox 197 2107 344 2161; x_wconf 78' lang='lat' dir='ltr'>comitante</span> <span class='ocrx_word' id='word_1_102' title='bbox 358 2106 404 2160; x_wconf 91' lang='lat' dir='ltr'>Dii</span> <span class='ocrx_word' id='word_1_103' title='bbox 417 2108 584 2162; x_wconf 85' lang='lat' dir='ltr'>descendunt</span> <span class='ocrx_word' id='word_1_104' title='bbox 597 2123 651 2163; x_wconf 79' lang='lat' dir='ltr'>axe</span> <span class='ocrx_word' id='word_1_105' title='bbox 666 2105 836 2178; x_wconf 79' lang='lat' dir='ltr'>frequentes,</span> 
     </span>
     <span class='ocr_line' id='line_1_20' title="bbox 177 2186 774 2260; baseline 0.003 -18"><span class='ocrx_word' id='word_1_106' title='bbox 177 2187 308 2242; x_wconf 85' lang='lat' dir='ltr'>Subsidiis</span> <span class='ocrx_word' id='word_1_107' title='bbox 322 2186 444 2240; x_wconf 72' lang='lat' dir='ltr'>homines</span> <span class='ocrx_word' id='word_1_108' title='bbox 458 2203 519 2242; x_wconf 89' lang='lat' dir='ltr'>cum</span> <span class='ocrx_word' id='word_1_109' title='bbox 531 2204 655 2242; x_wconf 80' lang='lat' dir='ltr'>recreare</span> <span class='ocrx_word' id='word_1_110' title='bbox 669 2187 774 2260; x_wconf 82' lang='lat' dir='ltr'>volunt.</span> 
     </span>
    </p>

    <p class='ocr_par' dir='ltr' id='par_1_13' title="bbox 137 2265 817 2416">
     <span class='ocr_line' id='line_1_21' title="bbox 137 2265 817 2336; baseline -0.004 -14"><span class='ocrx_word' id='word_1_111' title='bbox 137 2271 279 2322; x_wconf 88' lang='lat' dir='ltr'>Armorum</span> <span class='ocrx_word' id='word_1_112' title='bbox 293 2265 376 2320; x_wconf 88' lang='lat' dir='ltr'>celeri</span> <span class='ocrx_word' id='word_1_113' title='bbox 388 2271 478 2320; x_wconf 78' lang='lat' dir='ltr'>terras</span> <span class='ocrx_word' id='word_1_114' title='bbox 492 2283 598 2336; x_wconf 89' lang='lat' dir='ltr'>quoque</span> <span class='ocrx_word' id='word_1_115' title='bbox 611 2265 725 2336; x_wconf 84' lang='lat' dir='ltr'>reppleo</span> <span class='ocrx_word' id='word_1_116' title='bbox 739 2283 817 2330; x_wconf 80' lang='lat' dir='ltr'>casu,</span> 
     </span>
     <span class='ocr_line' id='line_1_22' title="bbox 177 2345 691 2416; baseline -0.008 -14"><span class='ocrx_word' id='word_1_117' title='bbox 177 2347 286 2402; x_wconf 79' lang='lat' dir='ltr'>Avertit</span> <span class='ocrx_word' id='word_1_118' title='bbox 299 2345 391 2416; x_wconf 79' lang='lat' dir='ltr'>putris</span> <span class='ocrx_word' id='word_1_119' title='bbox 405 2362 476 2415; x_wconf 85' lang='lat' dir='ltr'>quoe</span> <span class='ocrx_word' id='word_1_120' title='bbox 488 2346 594 2415; x_wconf 81' lang='lat' dir='ltr'>pietate</span> <span class='ocrx_word' id='word_1_121' title='bbox 608 2347 691 2400; x_wconf 85' lang='lat' dir='ltr'>Deus.</span> 
     </span>
    </p>
   </div>
   <div class='ocr_carea' id='block_1_9' title="bbox 511 2575 654 2642">
    <p class='ocr_par' dir='ltr' id='par_1_14' title="bbox 511 2575 654 2642">
     <span class='ocr_line' id='line_1_23' title="bbox 511 2575 654 2642; baseline 0 0"><span class='ocrx_word' id='word_1_122' title='bbox 511 2575 513 2578; x_wconf 83' lang='grc'><strong>’</strong></span> <span class='ocrx_word' id='word_1_123' title='bbox 609 2587 654 2642; x_wconf 82' lang='lat' dir='ltr'>so</span> 
     </span>
    </p>
   </div>
   <div class='ocr_carea' id='block_1_10' title="bbox 74 2710 955 3180">
    <p class='ocr_par' dir='ltr' id='par_1_15' title="bbox 74 2710 955 3180">
     <span class='ocr_line' id='line_1_24' title="bbox 138 2710 834 2784; baseline -0.004 -19"><span class='ocrx_word' id='word_1_124' title='bbox 138 2710 212 2784; x_wconf 77' lang='lat' dir='ltr'>Ignis</span> <span class='ocrx_word' id='word_1_125' title='bbox 226 2710 254 2764; x_wconf 87' lang='lat' dir='ltr'>in</span> <span class='ocrx_word' id='word_1_126' title='bbox 267 2710 386 2765; x_wconf 77' lang='lat' dir='ltr'>humano</span> <span class='ocrx_word' id='word_1_127' title='bbox 399 2711 559 2781; x_wconf 77' lang='lat' dir='ltr'>dispergens</span> <span class='ocrx_word' id='word_1_128' title='bbox 574 2726 687 2780; x_wconf 87' lang='lat' dir='ltr'>corporo</span> <span class='ocrx_word' id='word_1_129' title='bbox 699 2710 834 2773; x_wconf 78' lang='lat' dir='ltr'>flammas,</span> 
     </span>
     <span class='ocr_line' id='line_1_25' title="bbox 179 2788 817 2862; baseline -0.011 -14"><span class='ocrx_word' id='word_1_130' title='bbox 179 2791 285 2855; x_wconf 83' lang='lat' dir='ltr'>Ardeo,</span> <span class='ocrx_word' id='word_1_131' title='bbox 300 2790 440 2862; x_wconf 87' lang='lat' dir='ltr'>perpetuis</span> <span class='ocrx_word' id='word_1_132' title='bbox 455 2806 509 2843; x_wconf 93' lang='lat' dir='ltr'>non</span> <span class='ocrx_word' id='word_1_133' title='bbox 522 2805 571 2843; x_wconf 85' lang='lat' dir='ltr'>ruo</span> <span class='ocrx_word' id='word_1_134' title='bbox 585 2805 696 2860; x_wconf 86' lang='lat' dir='ltr'>pressus</span> <span class='ocrx_word' id='word_1_135' title='bbox 710 2788 796 2859; x_wconf 79' lang='lat' dir='ltr'>equis.</span> <span class='ocrx_word' id='word_1_136' title='bbox 814 2819 817 2828; x_wconf 39' lang='grc' dir='ltr'><strong>ν</strong></span> 
     </span>
     <span class='ocr_line' id='line_1_26' title="bbox 74 2869 811 2941; baseline -0.011 -12"><span class='ocrx_word' id='word_1_137' title='bbox 74 2875 78 2886; x_wconf 81' lang='lat'>&#39;</span> <span class='ocrx_word' id='word_1_138' title='bbox 139 2871 184 2928; x_wconf 82' lang='lat' dir='ltr'>Me</span> <span class='ocrx_word' id='word_1_139' title='bbox 198 2888 253 2925; x_wconf 91' lang='lat' dir='ltr'>nou</span> <span class='ocrx_word' id='word_1_140' title='bbox 266 2870 352 2924; x_wconf 77' lang='lat' dir='ltr'>arctoi</span> <span class='ocrx_word' id='word_1_141' title='bbox 365 2869 511 2940; x_wconf 85' lang='lat' dir='ltr'>corrumpit</span> <span class='ocrx_word' id='word_1_142' title='bbox 523 2869 632 2941; x_wconf 75' lang='lat' dir='ltr'>frigoris</span> <span class='ocrx_word' id='word_1_143' title='bbox 646 2869 739 2940; x_wconf 80' lang='lat' dir='ltr'>algor,</span> <span class='ocrx_word' id='word_1_144' title='bbox 808 2887 811 2894; x_wconf 59' lang='lat'><strong>⁴</strong></span> 
     </span>
     <span class='ocr_line' id='line_1_27' title="bbox 102 2949 955 3022; baseline -0.005 -17"><span class='ocrx_word' id='word_1_145' title='bbox 102 2979 107 2990; x_wconf 82' lang='lat'><em>-</em></span> <span class='ocrx_word' id='word_1_146' title='bbox 178 2951 240 3005; x_wconf 89' lang='lat' dir='ltr'>Non</span> <span class='ocrx_word' id='word_1_147' title='bbox 252 2950 340 3022; x_wconf 75' lang='lat' dir='ltr'>rigor,</span> <span class='ocrx_word' id='word_1_148' title='bbox 355 2950 500 3004; x_wconf 78' lang='lat' dir='ltr'>indomitos</span> <span class='ocrx_word' id='word_1_149' title='bbox 513 2967 567 3003; x_wconf 90' lang='lat' dir='ltr'>uon</span> <span class='ocrx_word' id='word_1_150' title='bbox 581 2964 667 3019; x_wconf 76' lang='lat' dir='ltr'>grove</span> <span class='ocrx_word' id='word_1_151' title='bbox 680 2949 773 3002; x_wconf 81' lang='lat' dir='ltr'>mortis</span> <span class='ocrx_word' id='word_1_152' title='bbox 788 2963 874 3002; x_wconf 74' lang='lat' dir='ltr'>onus:</span> <span class='ocrx_word' id='word_1_153' title='bbox 952 2951 955 2958; x_wconf 91' lang='lat'>&#39;</span> 
     </span>
     <span class='ocr_line' id='line_1_28' title="bbox 141 3029 818 3100; baseline -0.01 -12"><span class='ocrx_word' id='word_1_154' title='bbox 141 3031 177 3088; x_wconf 86' lang='lat' dir='ltr'>Ut</span> <span class='ocrx_word' id='word_1_155' title='bbox 189 3031 266 3085; x_wconf 84' lang='lat' dir='ltr'>Deus</span> <span class='ocrx_word' id='word_1_156' title='bbox 281 3030 339 3100; x_wconf 80' lang='lat' dir='ltr'>ipre</span> <span class='ocrx_word' id='word_1_157' title='bbox 351 3045 411 3083; x_wconf 86' lang='lat' dir='ltr'>meo</span> <span class='ocrx_word' id='word_1_158' title='bbox 424 3029 546 3084; x_wconf 83' lang='lat' dir='ltr'>loototur</span> <span class='ocrx_word' id='word_1_159' title='bbox 558 3029 666 3083; x_wconf 82' lang='lat' dir='ltr'>nomine</span> <span class='ocrx_word' id='word_1_160' title='bbox 679 3029 744 3092; x_wconf 86' lang='lat' dir='ltr'>dici,</span> <span class='ocrx_word' id='word_1_161' title='bbox 816 3059 818 3064; x_wconf 87' lang='lat'><em>·</em></span> 
     </span>
     <span class='ocr_line' id='line_1_29' title="bbox 152 3107 675 3180; baseline -0.006 -15"><span class='ocrx_word' id='word_1_162' title='bbox 152 3136 154 3144; x_wconf 58' lang='lat'><strong><em>¹</em></strong></span> <span class='ocrx_word' id='word_1_163' title='bbox 179 3114 315 3166; x_wconf 83' lang='lat' dir='ltr'>Aeteruos</span> <span class='ocrx_word' id='word_1_164' title='bbox 329 3107 400 3180; x_wconf 73' lang='lat' dir='ltr'>ignis</span> <span class='ocrx_word' id='word_1_165' title='bbox 415 3108 453 3162; x_wconf 85' lang='lat' dir='ltr'>sio</span> <span class='ocrx_word' id='word_1_166' title='bbox 466 3123 520 3179; x_wconf 77' lang='lat' dir='ltr'>ego</span> <span class='ocrx_word' id='word_1_167' title='bbox 534 3109 595 3164; x_wconf 77' lang='lat' dir='ltr'>rivo</span> <span class='ocrx_word' id='word_1_168' title='bbox 609 3109 675 3163; x_wconf 86' lang='lat' dir='ltr'>dies.</span> 
     </span>
    </p>
   </div>
   <div class='ocr_carea' id='block_1_11' title="bbox 0 0 1279 3576">
    <p class='ocr_par' dir='ltr' id='par_1_16' title="bbox 0 0 1279 3576">
     <span class='ocr_line' id='line_1_30' title="bbox 0 0 1279 3576; baseline 0 0"><span class='ocrx_word' id='word_1_169' title='bbox 0 0 1279 3576; x_wconf 95' lang='lat' dir='ltr'> </span> 
     </span>
    </p>
   </div>
  </div>
 </body>
</html>
