2534 3576
154 229 177 309 θη
483 258 501 305 1.
513 258 665 321 Aenigmata
675 259 819 306 nominalis.

626 409 671 462 1⁷.

153 509 279 582 Corporis
294 509 408 564 alterius
422 510 488 564 lieet
501 528 516 563 e
530 510 672 580 putredine
686 527 795 576 nascer,

151 591 237 661 Inque
250 607 310 644 meo
325 590 457 644 innumeri
471 597 620 645 nascautur
633 607 746 662 corpore
760 607 879 670 vermes:

89 693 91 699 ·
151 671 207 723 Res
221 669 289 723 alins
303 675 395 724 tumen
408 687 426 724 e
438 667 581 738 putredine
595 669 701 724 vindico
716 677 746 723 et
759 670 837 742 ipsis,

153 751 225 812 Quos
239 749 366 821 tetigisse
381 751 473 814 detur,
489 749 695 846 sum‘rermibus
710 766 771 806 aere
786 764 926 803 venenum.

623 975 668 1032 18.

148 1093 192 1146 De
206 1108 290 1145 cornu
303 1091 404 1145 thorax
417 1090 483 1144 mihi
497 1093 604 1146 dorsum
617 1097 647 1144 et
659 1096 774 1160 pectore
786 1091 884 1156 munit,

188 1166 273 1226 Nulla
286 1177 379 1225 nutem
391 1179 489 1224 vertex
503 1171 624 1241 tegmine
638 1173 724 1224 nudus
738 1170 831 1224 habet.

148 1250 214 1314 Sed,
230 1268 290 1305 cum
302 1250 456 1320 praesentis
470 1257 558 1303 terret
572 1249 683 1302 formido
697 1249 804 1322 pericli,

189 1332 243 1385 Pro
257 1331 342 1401 galee
355 1330 458 1383 thornx
472 1334 516 1382 est
529 1330 671 1399 operitque
687 1335 778 1398 eaput.

149 1414 298 1464 Armature
311 1414 413 1480 gravet
426 1424 523 1480 eorpus
537 1425 715 1479 gressumque
729 1413 861 1473 moretur,

186 1489 298 1559 Absque
311 1489 363 1543 hoe
376 1488 490 1542 militine
506 1488 621 1542 forsitan
635 1497 702 1560 epte
715 1489 808 1543 iorem.

620 1711 666 1765 19.

148 1827 225 1891 Quae
240 1826 292 1880 fuit
305 1832 371 1880 ente
385 1825 455 1880 alius
469 1825 570 1880 homini
584 1825 734 1879 exitiabilis
749 1826 837 1879 unde?

188 1907 264 1970 Quae
277 1906 330 1962 fuit
341 1912 407 1961 ante
422 1906 492 1960 elias
506 1907 580 1960 unde
593 1905 709 1958 salubris
723 1905 805 1959 item?

619 2138 667 2194 20.

146 2253 248 2308 Martis
261 2259 353 2307 castre.
367 2252 433 2318 edii,
448 2253 563 2324 pedibus
578 2271 629 2308 sex
642 2253 741 2318 fultus3
757 2259 786 2307 et
799 2252 861 2307 inde

185 2333 322 2388 Subnixus
336 2338 432 2402 repeto
446 2333 539 2402 patrie
551 2349 616 2388 rure
630 2333 725 2388 tribus.

618 2563 665 2618 21.

145 2679 250 2731 Ventre
265 2685 372 2733 tumens
386 2678 469 2748 pleno
483 2677 648 2749 graviorque
662 2678 735 2734 haud
749 2678 847 2731 obruor
860 2677 952 2742 undis;

184 2761 224 2811 At
235 2772 324 2812 rseua
337 2764 367 2812 et
380 2757 466 2812 levior
477 2773 587 2828 mergor
601 2765 631 2812 et
644 2757 699 2812 ima
710 2763 785 2828 peto.

582 2981 585 2988 ’
624 2995 670 3050 22.

145 3091 311 3177 Quemquam
324 3106 363 3160 nil
376 3106 467 3172 valeo,
482 3111 564 3164 velen
577 3117 670 3166 tumen
684 3113 781 3166 addere
794 3113 878 3177 vires,

162 3189 167 3198 ‘
184 3187 212 3243 si
225 3186 268 3240 eui
280 3202 323 3240 me
338 3185 409 3240 socio
418 3185 541 3258 jungere
553 3207 627 3261 pone
639 3191 715 3246 velis.
