2534 3576
162 215 205 298 58
499 245 518 293 1.
529 243 682 305 Aenigmata
692 239 821 302 yllabiea.

634 398 681 452 43.

197 505 221 560 1.
237 504 263 559 2.
284 501 385 572 Specta
398 505 460 557 nos!
476 503 607 556 deducere
621 501 695 554 filum
711 500 782 553 disce
796 499 903 571 puella!

161 585 189 640 3.
199 585 225 638 4.
239 583 265 637 5.
288 583 414 638 Crassum
429 598 536 644 saccos,
552 582 599 634 sed
613 580 713 634 subiile
728 579 833 633 indusia
846 581 971 650 praebet.

173 661 212 724 ὦ.
229 659 265 722 Θ.
285 663 385 726 Vobis,
400 679 453 714 non
468 661 559 724 nobis,
574 660 720 722 textrices,
734 660 829 714 lexicis
843 659 946 712 huncce

284 742 419 805 Faunum,
435 757 514 811 quem
528 741 639 810 quaevis
653 739 750 793 mulier
764 738 912 793 contemnis
925 746 954 794 el
967 737 1032 791 odil.

633 901 680 957 44.

216 1006 242 1060 1.
263 1005 364 1076 lgneus
378 1002 423 1057 hic
437 1004 478 1057 sol
492 1020 547 1056 uon
562 1003 659 1068 oritur,
675 1021 730 1056 uon
744 1003 842 1057 occidit
855 1013 986 1072 uuquam

262 1084 325 1139 Noli
339 1083 444 1148 mirari,
461 1083 484 1136 si
497 1083 585 1154 frigus
599 1083 746 1138 maximum
760 1084 839 1137 adest
851 1081 904 1136 hic.

213 1164 240 1220 2.
261 1165 365 1230 Luceo,
381 1165 428 1218 sed
441 1164 536 1228 fallor,
552 1167 630 1216 cave!
646 1181 702 1216 uon
716 1179 822 1233 semper
835 1161 887 1215 fuit
900 1177 1007 1224 aurum,

263 1244 340 1306 Quod
353 1242 449 1297 nituit.
459 1285 466 1300 .
476 1282 499 1298 ..

157 1321 195 1384 Q
209 1318 246 1382 Θ.
262 1323 331 1386 Quid
345 1324 449 1376 caelum
464 1327 545 1375 noctu
560 1321 716 1391 saepissime
726 1321 786 1391 jam
799 1319 948 1374 rubefecit?

260 1405 361 1458 verum
375 1407 432 1464 est3
446 1400 533 1454 mulla
547 1400 636 1456 sciunt
648 1401 768 1472 physici,
783 1401 915 1472 ignoraui
927 1415 993 1454 vero
1005 1397 1096 1468 plura.

631 1571 679 1628 45.

213 1673 238 1727 1.
259 1629 321 1725 Jam
335 1673 433 1725 dudum
446 1671 569 1741 plerique
584 1671 723 1735 abieruni,
740 1672 850 1741 syllaba
863 1672 969 1741 quando

259 1753 372 1808 Illorum
385 1751 466 1804 titulo
480 1750 549 1803 haec
562 1751 759 1820 praemiatilun
773 1768 843 1804 uuus
859 1757 888 1804 ea
901 1751 973 1804 aller

259 1832 315 1886 Vix
328 1831 396 1884 vivii
405 1869 488 1885 ......

209 1911 236 1966 2.
257 1911 319 1966 Non
333 1913 416 2004 audet
429 1909 548 1974 timidus,
565 1909 686 1981 sequitur
699 1915 838 1974 naturam,
854 1925 889 1964 ea
901 1925 1038 1980 nunquam

154 2065 193 2127 Φ.
204 2065 242 2129 Θ.
256 1991 485 2123 &snugssulruabuit
497 2071 586 2133 Deus,
602 2072 647 2122 asi
659 2068 814 2123 habuerunt
827 2075 937 2125 caetera
950 2039 1070 2138 quaevis.

169 2340 195 2394 1.
211 2337 237 2393 2.
259 2337 347 2391 Voces
362 2337 515 2394 innumeras
529 2342 579 2394 edo
594 2345 759 2409 cunctasque
773 2355 897 2396 canoras.

257 2417 377 2474 Davides
392 2417 538 2484 citharam,
552 2420 723 2489 praeclarum
736 2436 833 2472 nomen
847 2421 988 2489 adeptam,

256 2497 410 2570 Fregissel‚
426 2497 448 2552 si
461 2515 503 2550 me
518 2497 651 2561 novisset,
668 2497 738 2568 quod
753 2497 808 2550 scio
822 2503 904 2552 cerie.

166 2575 193 2631 3.
208 2575 235 2630 4.
256 2577 356 2631 Unicus
371 2575 456 2630 ulitur
470 2575 604 2629 interdum
618 2593 674 2641 me,
689 2583 798 2646 tamque
813 2577 942 2642 scienter,

256 2655 294 2710 Ul
302 2655 383 2725 jussu
397 2654 456 2726 ejus
471 2655 560 2709 cuncti
575 2656 680 2710 saltent
688 2695 774 2714 ......

151 2731 190 2793 ὦ.
201 2729 238 2793 Θ.
255 2734 367 2790 Omnino
382 2735 463 2789 unica
477 2735 516 2789 nil
528 2741 666 2806 praestat,
682 2736 729 2790 sad
743 2735 929 2793 consociatae:

256 2812 300 2878 Sic
313 2813 390 2870 miles
404 2832 459 2868 uon
472 2815 568 2880 vincit,
581 2817 630 2868 sed
644 2815 780 2870 exercitus
795 2817 889 2871 omnis.

559 2897 568 2916 ἦ

623 2987 670 3044 47.

164 3090 190 3146 1.
206 3090 233 3146 2.
255 3089 383 3144 Omnibus
398 3090 425 3144 in
439 3091 520 3146 lenis
534 3101 578 3148 est
591 3095 793 3150 innumerabilis
807 3097 877 3149 haec
890 3111 972 3168 gens,

252 3169 305 3224 Est
317 3170 482 3224 imitatorum
494 3189 578 3242 pecus
586 3211 658 3233 .....
