2534 3576
433 211 452 258 I.
463 210 617 274 Aenigmata
627 212 771 262 nominalis.

573 365 619 420 51.

99 467 265 538 Principium
276 467 366 537 prima
379 468 479 522 dnoom
493 469 529 523 ab
543 471 649 541 origine
662 471 766 535 mnndi,

137 549 231 612 Duro,
246 565 297 601 neo
310 554 355 602 est
367 553 461 602 terrae
472 550 602 604 terminus
617 551 682 604 orbe
695 551 768 606 mihi.

99 627 160 681 Non
174 632 232 691 esi,
247 645 301 680 non
315 631 345 680 et
359 627 411 682 erit
423 627 489 681 mihi
502 629 632 683 terminus
646 635 727 697 anie,
742 632 849 685 futurus

138 707 229 770 Quam
243 706 311 759 coeli
321 706 410 775 judex
423 708 495 760 orbis
510 708 544 761 ab
559 725 614 762 axe
627 716 698 764 ruod.

101 787 226 840 Obscura
239 786 333 839 videar
349 786 470 855 quamvis
484 787 600 859 caligine
615 787 701 860 cingi,

137 867 195 920 Res
209 866 289 919 nulla
301 872 428 920 constent
440 871 472 920 ui
484 867 591 922 ratione
606 869 680 932 viris,

99 946 194 1000 Prona
205 951 299 999 tamen
313 962 372 999 snm
385 946 502 1000 consiliis
517 947 620 1001 occasio
635 948 742 1012 dandis,

138 1025 264 1080 Plurima
277 1041 348 1094 quae
362 1026 449 1080 dubiis
463 1029 601 1080 commoda
613 1029 694 1082 rebus
709 1028 821 1084 habent.

100 1105 290 1174 Tranquillam
301 1103 425 1174 placidae
440 1107 531 1160 sedem
545 1109 660 1160 concedo
675 1107 787 1178 quietis,

139 1185 178 1239 Ua
191 1191 322 1254 reparent
335 1184 406 1237 vires
420 1185 504 1238 bruta
514 1186 689 1258 hominesque
704 1204 777 1242 suas.

100 1264 162 1318 Non
175 1269 266 1318 terras
280 1264 373 1316 adiens
386 1265 544 1333 Hyperione
559 1266 673 1330 lustror,
689 1273 720 1320 ai
733 1267 828 1333 astris,

140 1344 218 1400 Unde
231 1359 318 1396 meum
332 1359 396 1396 rara
410 1343 498 1414 surgit
510 1344 612 1399 honore
627 1348 717 1400 decus.

101 1424 138 1478 Uo
150 1422 267 1492 pavidas
280 1421 396 1476 multum
409 1422 549 1476 formidine
563 1429 643 1478 teneo
657 1432 774 1491 menies,

140 1502 187 1557 Sie
200 1502 290 1556 animo
303 1501 375 1555 vitiis
389 1519 432 1556 me
446 1504 526 1556 datus
540 1503 625 1556 omnis
640 1511 722 1558 amat.

575 1660 622 1715 52.

101 1762 164 1816 Non
179 1761 263 1815 oeulis
277 1761 383 1825 videor,
398 1761 521 1816 manibus
536 1778 590 1814 non
601 1769 715 1833 tangor,
732 1766 813 1818 odore

140 1842 204 1896 Non
218 1841 321 1911 capior,
336 1847 420 1912 gustu
433 1858 488 1894 non
501 1857 589 1912 vagus
605 1860 650 1897 ore
664 1843 749 1898 feror:

102 1920 242 1990 Percipior
255 1938 336 1974 sensu
350 1929 453 1984 tamen,
469 1925 498 1974 et
510 1938 565 1976 non
577 1921 694 1992 impiger
707 1939 787 1978 aures

143 2000 255 2055 Afficior
271 2018 352 2054 sensu
366 2001 415 2054 sim
429 2001 493 2054 licei
506 2000 564 2070 ipso
577 2002 682 2070 procui.

104 2081 223 2151 Corpore
237 2080 331 2134 colliso
345 2081 390 2132 vel
402 2087 484 2148 rupto
498 2096 595 2134 nascor
608 2081 635 2133 in
650 2097 744 2143 auras,

141 2161 281 2225 Vanesco,
297 2167 379 2230 atque
393 2159 510 2212 animam
522 2159 570 2212 vix
584 2166 734 2230 generatus
748 2175 812 2230 ago.

576 2317 622 2373 53.

104 2422 160 2477 Estr
169 2421 243 2474 inira
256 2420 359 2483 coelos,
374 2421 447 2475 inira
460 2419 526 2474 mihi
538 2420 642 2474 mansio
657 2426 758 2484 terras,

143 2502 205 2556 Non
218 2500 322 2553 coelum
334 2506 434 2572 tango,
449 2518 506 2553 non
519 2518 625 2570 quoque
639 2507 724 2570 tango
740 2501 835 2557 solum.

106 2579 284 2650 constringor
297 2579 404 2643 vinclis,
420 2581 565 2633 concludor
576 2581 674 2634 robore
688 2582 767 2644 duro,

144 2660 274 2730 Ui-nuila
286 2666 387 2713 mutem
401 2658 554 2712 conditione
567 2660 664 2714 locum.
773 2656 780 2669 ‘

107 2742 142 2795 0s
155 2740 222 2793 mihi
235 2755 341 2810 semper
354 2739 427 2802 hini,
442 2739 601 2812 petulanter
614 2745 643 2792 et
656 2755 755 2794 exsero
769 2744 907 2810 lmguam,
957 2753 960 2760 ·

144 2820 214 2882 Neo,
230 2819 355 2872 nisi'oum
369 2825 472 2888 cogunt
484 2819 601 2871 verbera
613 2820 712 2883 multa,
726 2820 831 2888 loquor.

107 2901 173 2956 Cum
186 2900 293 2968 loquor,
309 2898 422 2952 assiduis
436 2898 530 2967 repleo
545 2898 706 2952 clamoribus
720 2914 813 2961 aures,

144 2979 268 3033 Verbera
281 2995 340 3033 oum
354 2984 476 3054 cessant,
491 2984 548 3031 tum
562 2995 667 3049 quoque
682 2995 758 3030 cesso
772 2977 855 3048 loqui.

20 3059 27 3079 ⁴*
106 3059 168 3115 Non
181 3057 231 3111 ulli
244 3074 329 3110 nooeo
344 3043 518 3121 clamoribus,
533 3058 628 3115 hortor
640 3057 759 3126 iniquos,

147 3137 269 3192 Contrito
283 3141 417 3208 quaerant
429 3138 509 3190 corde
523 3137 620 3204 salutis
633 3137 695 3190 iter.
