2534 3576
476 231 496 278 1.
506 229 660 296 Aenigmo·
669 223 799 292 syn-titt.

617 381 665 438 52.

203 489 228 545 1.
249 488 311 542 Non
325 488 411 542 minor
424 495 468 544 est
480 491 576 544 horum
589 507 729 555 numerus,
744 507 824 561 quom
837 491 920 545 moris
935 489 1037 554 arenci

251 570 304 623 Tot
318 575 381 622 sunt
396 595 431 607 —
447 575 491 623 est
503 587 597 624 verum
612 603 645 612 —
663 577 729 640 quot
742 571 770 624 in
784 570 898 625 aethere
912 571 1002 645 sidere
1015 571 1113 625 lucent

249 647 346 703 Millic.
369 649 486 703 Cunctos
500 649 652 704 unicolores
669 677 704 688 -
719 666 785 703 rura
798 651 893 704 cohors
908 656 951 704 cst
966 677 1002 688 -

252 728 377 791 Quotidie
391 745 440 782 nos
455 729 601 794 cernimus,
616 729 699 800 igneo
712 732 736 783 si
749 729 826 784 venit
838 737 944 784 aestu:

250 807 363 880 Frigida
377 808 460 861 hiems
476 814 558 862 necet
571 826 662 863 omnes
672 849 742 864 .....

202 886 230 942 3.
254 888 365 950 (lertio,
380 887 496 941 musicus
512 894 541 941 et
554 888 757 951 celeberrimus,
771 894 804 942 ut
816 890 886 942 bene
902 887 966 954 scis,
983 907 1051 944 sum.

252 969 384 1036 Tempore
398 973 529 1022 nocturno
543 967 647 1021 vernuli
661 985 721 1021 cum
736 968 814 1022 sociis
828 986 870 1022 me

251 1045 346 1102 Audis.
368 1045 485 1112 Musica,
499 1065 588 1100 nonne
602 1053 646 1101 est
658 1047 838 1102 excellentior
850 1045 929 1102 oller

254 1128 350 1181 Audeo
364 1127 524 1196 Apollineos
538 1143 605 1197 pree
619 1145 662 1180 me
676 1136 850 1182 contemnere
864 1133 970 1182 cantus.

149 1202 189 1265 Φ.
198 1201 236 1265 Θ.
251 1205 425 1260 Vaticinetor
439 1224 510 1271 sum.
526 1205 571 1277 qui
585 1207 661 1260 vobis
676 1207 763 1260 dicere
778 1224 900 1277 possum,

254 1285 351 1340 Utrum
363 1287 459 1340 nubilo
472 1293 595 1356 temporo
607 1287 687 1349 liant,
703 1301 739 1340 en
752 1304 817 1340 vero
831 1285 915 1341 clera.

255 1365 346 1427 Quare
360 1367 464 1436 temple
476 1365 540 1419 mihi
555 1365 703 1420 aedificetis
716 1367 806 1419 vitree.
819 1382 902 1436 saepe

253 1445 286 1498 ln
299 1445 397 1499 vestris
412 1445 586 1498 conclavibus
600 1452 630 1498 et
642 1445 708 1499 mihi
721 1445 877 1499 sacrificetis

254 1523 377 1588 Muscas,
393 1524 437 1596 qui
451 1525 527 1580 scels
540 1526 622 1578 sedeo
636 1526 702 1580 deus
711 1566 718 1579 .
728 1566 735 1578 .
745 1563 771 1579 ..

624 1677 671 1732 53.

209 1782 236 1836 1.
258 1779 287 1835 Si
300 1796 342 1833 me
357 1779 470 1842 truncis,
485 1778 513 1832 in
525 1779 637 1834 durium
649 1780 730 1834 focile
744 1779 851 1844 incidis,
865 1797 933 1852 ergo

207 1939 235 1994 2.
256 1862 378 1994 3333:
388 1899 509 2002 diceet,
526 1938 571 2010 qui
585 1939 733 1992 circumdet
745 1938 819 1992 dolis
832 1937 953 2008 qnaeris.

153 2014 192 2077 Φ.
203 2015 240 2078 Θ.
256 2021 340 2073 Ecce!
351 2019 431 2089 jocos
445 2035 499 2071 non
512 2025 703 2088 exspectatos,
718 2020 766 2072 sed
779 2019 849 2071 bene
863 2019 951 2072 sulcos

257 2099 418 2170 Ingeniosus
433 2115 517 2168 saepe
531 2117 569 2153 ex
581 2115 623 2152 me
638 2097 755 2152 feliciter
767 2097 830 2151 edic

625 2253 672 2308 54.

169 2357 195 2412 1.
208 2356 236 2412 2.
257 2358 410 2413 Arboreos
425 2356 528 2411 imctus
542 2357 609 2418 sert:
624 2373 691 2427 ques
705 2355 747 2409 vis
761 2355 850 2426 elige,
864 2354 962 2408 rubros

259 2439 318 2491 Aut
329 2436 432 2508 nigras.
453 2437 596 2491 Trahimus
609 2434 757 2490 nonnullae
770 2433 862 2487 nobile
876 2449 973 2487 nomen
1000 2449 1009 2470 ⁸

258 2521 286 2571 Δ
299 2518 379 2570 corde
389 2556 467 2570 .....

168 2593 197 2650 2.
208 2595 237 2650 3.
258 2597 305 2652 lde
318 2595 387 2650 velis
400 2595 510 2650 haurire
523 2613 561 2649 ex
574 2593 650 2648 fonte
663 2599 693 2647 et
704 2593 793 2647 nitere
806 2589 935 2660 paludem

171 2673 179 2689 ⁸
259 2676 303 2732 Sic
316 2674 405 2746 poscit
417 2675 579 2728 valetudo..
591 2714 597 2727 .
608 2714 616 2727 .
766 2665 769 2674 ¹

156 2750 195 2812 S).
207 2749 245 2813 Θ.
258 2755 305 2810 lde
319 2757 395 2819 bibe,
409 2757 457 2809 sed
470 2772 539 2816 non.
553 2761 585 2808 ut
597 2755 721 2807 relevere
735 2750 807 2805 sitim
820 2747 903 2811 relis;
915 2755 949 2803 ut
961 2755 993 2804 tu

261 2835 425 2892 Corrobores
439 2834 606 2890 scemenum
619 2833 682 2888 bibo
696 2837 726 2886 et
739 2837 816 2885 utere
829 2845 874 2884 me
887 2827 1030 2884 medicine.

627 2983 676 3041 55.

172 3089 199 3145 l.
214 3089 242 3144 2.
262 3089 323 3144 Vae
335 3087 413 3142 mihi!
428 3089 570 3144 discedunt
582 3087 692 3144 stelles.
714 3084 778 3140 Noli
790 3085 953 3153 lamere.

260 3167 633 3234 Ecce,eelutsttesol....
