<?xml version="1.0" encoding="UTF-8"?>
<!DOCTYPE html PUBLIC "-//W3C//DTD XHTML 1.0 Transitional//EN"
    "http://www.w3.org/TR/xhtml1/DTD/xhtml1-transitional.dtd">
<html xmlns="http://www.w3.org/1999/xhtml" xml:lang="en" lang="en">
 <head>
  <title>
</title>
<meta http-equiv="Content-Type" content="text/html;charset=utf-8" />
  <meta name='ocr-system' content='tesseract 3.04.00' />
  <meta name='ocr-capabilities' content='ocr_page ocr_carea ocr_par ocr_line ocrx_word'/>
</head>
<body>
  <div class='ocr_page' id='page_1' title='image "./floresaenigmatu00bindgoog/floresaenigmatu00bindgoog_0122.png"; bbox 0 0 2548 3572; ppageno 0'>
   <div class='ocr_carea' id='block_1_1' title="bbox 498 219 724 270">
    <p class='ocr_par' dir='ltr' id='par_1_1' title="bbox 498 219 724 270">
     <span class='ocr_line' id='line_1_1' title="bbox 498 219 724 270; baseline 0 -2"><span class='ocrx_word' id='word_1_1' title='bbox 498 219 540 268; x_wconf 82' lang='lat' dir='ltr'>N.</span> <span class='ocrx_word' id='word_1_2' title='bbox 550 219 724 270; x_wconf 74' lang='lat' dir='ltr'>Miscellsneu.</span> 
     </span>
    </p>
   </div>
   <div class='ocr_carea' id='block_1_2' title="bbox 584 370 631 432">
    <p class='ocr_par' dir='ltr' id='par_1_2' title="bbox 584 370 631 432">
     <span class='ocr_line' id='line_1_2' title="bbox 584 370 631 432; baseline -0.149 -1"><span class='ocrx_word' id='word_1_3' title='bbox 584 370 631 432; x_wconf 82' lang='lat'>83.</span> 
     </span>
    </p>
   </div>
   <div class='ocr_carea' id='block_1_3' title="bbox 98 462 781 785">
    <p class='ocr_par' dir='ltr' id='par_1_3' title="bbox 100 462 781 626">
     <span class='ocr_line' id='line_1_3' title="bbox 100 462 771 548; baseline -0.009 -14"><span class='ocrx_word' id='word_1_4' title='bbox 100 478 159 534; x_wconf 80' lang='lat' dir='ltr'>eur</span> <span class='ocrx_word' id='word_1_5' title='bbox 171 462 285 548; x_wconf 66' lang='lat' dir='ltr'>pulei</span> <span class='ocrx_word' id='word_1_6' title='bbox 296 474 408 547; x_wconf 78' lang='lat' dir='ltr'>generis</span> <span class='ocrx_word' id='word_1_7' title='bbox 421 474 583 545; x_wconf 75' lang='lat' dir='ltr'>proponitur</span> <span class='ocrx_word' id='word_1_8' title='bbox 597 493 657 530; x_wconf 89' lang='lat' dir='ltr'>esse</span> <span class='ocrx_word' id='word_1_9' title='bbox 671 473 771 538; x_wconf 83' lang='lat' dir='ltr'>virilis,</span> 
     </span>
     <span class='ocr_line' id='line_1_4' title="bbox 141 554 781 626; baseline -0.006 -14"><span class='ocrx_word' id='word_1_10' title='bbox 141 559 213 612; x_wconf 87' lang='lat' dir='ltr'>Cum</span> <span class='ocrx_word' id='word_1_11' title='bbox 226 556 362 611; x_wconf 84' lang='lat' dir='ltr'>muliebre</span> <span class='ocrx_word' id='word_1_12' title='bbox 374 554 463 626; x_wconf 68' lang='lat' dir='ltr'>magis</span> <span class='ocrx_word' id='word_1_13' title='bbox 477 557 600 610; x_wconf 78' lang='lat' dir='ltr'>mordeat</span> <span class='ocrx_word' id='word_1_14' title='bbox 613 555 661 608; x_wconf 88' lang='lat' dir='ltr'>ille</span> <span class='ocrx_word' id='word_1_15' title='bbox 674 559 781 626; x_wconf 81' lang='lat' dir='ltr'>genus?</span> 
     </span>
    </p>

    <p class='ocr_par' dir='ltr' id='par_1_4' title="bbox 98 634 745 785">
     <span class='ocr_line' id='line_1_5' title="bbox 98 634 745 708; baseline -0.008 -16"><span class='ocrx_word' id='word_1_16' title='bbox 98 642 125 692; x_wconf 85' lang='grc' dir='ltr'><strong>Δ</strong></span> <span class='ocrx_word' id='word_1_17' title='bbox 138 638 251 708; x_wconf 87' lang='lat' dir='ltr'>potiore</span> <span class='ocrx_word' id='word_1_18' title='bbox 267 651 345 689; x_wconf 88' lang='lat' dir='ltr'>suum</span> <span class='ocrx_word' id='word_1_19' title='bbox 358 634 381 688; x_wconf 89' lang='lat' dir='ltr'>si</span> <span class='ocrx_word' id='word_1_20' title='bbox 394 636 498 688; x_wconf 81' lang='lat' dir='ltr'>ducunt</span> <span class='ocrx_word' id='word_1_21' title='bbox 511 635 620 688; x_wconf 76' lang='lat' dir='ltr'>nomina</span> <span class='ocrx_word' id='word_1_22' title='bbox 633 652 745 699; x_wconf 87' lang='lat' dir='ltr'>nomeu,</span> 
     </span>
     <span class='ocr_line' id='line_1_6' title="bbox 138 713 742 785; baseline -0.007 -15"><span class='ocrx_word' id='word_1_23' title='bbox 138 716 302 771; x_wconf 84' lang='lat' dir='ltr'>Femineum</span> <span class='ocrx_word' id='word_1_24' title='bbox 313 717 401 785; x_wconf 87' lang='lat' dir='ltr'>pulex</span> <span class='ocrx_word' id='word_1_25' title='bbox 413 713 537 784; x_wconf 77' lang='lat' dir='ltr'>possidet</span> <span class='ocrx_word' id='word_1_26' title='bbox 551 733 629 768; x_wconf 91' lang='lat' dir='ltr'>omne</span> <span class='ocrx_word' id='word_1_27' title='bbox 643 731 742 785; x_wconf 86' lang='lat' dir='ltr'>genus.</span> 
     </span>
    </p>
   </div>
   <div class='ocr_carea' id='block_1_4' title="bbox 582 925 628 980">
    <p class='ocr_par' dir='ltr' id='par_1_5' title="bbox 582 925 628 980">
     <span class='ocr_line' id='line_1_7' title="bbox 582 925 628 980; baseline 0 0"><span class='ocrx_word' id='word_1_28' title='bbox 582 925 628 980; x_wconf 86' lang='lat'>84.</span> 
     </span>
    </p>
   </div>
   <div class='ocr_carea' id='block_1_5' title="bbox 99 1027 833 1180">
    <p class='ocr_par' dir='ltr' id='par_1_6' title="bbox 99 1027 833 1180">
     <span class='ocr_line' id='line_1_8' title="bbox 99 1027 833 1098; baseline -0.003 -14"><span class='ocrx_word' id='word_1_29' title='bbox 99 1030 156 1093; x_wconf 80' lang='lat' dir='ltr'>Qui</span> <span class='ocrx_word' id='word_1_30' title='bbox 172 1029 255 1094; x_wconf 88' lang='lat' dir='ltr'>bibit,</span> <span class='ocrx_word' id='word_1_31' title='bbox 271 1035 303 1084; x_wconf 92' lang='lat' dir='ltr'>ut</span> <span class='ocrx_word' id='word_1_32' title='bbox 316 1029 418 1083; x_wconf 85' lang='lat' dir='ltr'>fundo</span> <span class='ocrx_word' id='word_1_33' title='bbox 432 1045 483 1082; x_wconf 83' lang='lat' dir='ltr'>nee</span> <span class='ocrx_word' id='word_1_34' title='bbox 496 1033 581 1098; x_wconf 74' lang='lat' dir='ltr'>gutte</span> <span class='ocrx_word' id='word_1_35' title='bbox 594 1027 712 1098; x_wconf 78' lang='lat' dir='ltr'>supersit</span> <span class='ocrx_word' id='word_1_36' title='bbox 725 1028 753 1082; x_wconf 88' lang='lat' dir='ltr'>in</span> <span class='ocrx_word' id='word_1_37' title='bbox 768 1027 833 1091; x_wconf 86' lang='lat' dir='ltr'>imo,</span> 
     </span>
     <span class='ocr_line' id='line_1_9' title="bbox 141 1105 771 1180; baseline -0.002 -17"><span class='ocrx_word' id='word_1_38' title='bbox 141 1105 217 1164; x_wconf 78' lang='lat' dir='ltr'>Huic</span> <span class='ocrx_word' id='word_1_39' title='bbox 230 1125 316 1180; x_wconf 76' lang='lat' dir='ltr'>perro</span> <span class='ocrx_word' id='word_1_40' title='bbox 330 1109 423 1163; x_wconf 83' lang='lat' dir='ltr'>nullus</span> <span class='ocrx_word' id='word_1_41' title='bbox 437 1114 559 1177; x_wconf 86' lang='lat' dir='ltr'>tempore</span> <span class='ocrx_word' id='word_1_42' title='bbox 574 1108 694 1162; x_wconf 87' lang='lat' dir='ltr'>fundus</span> <span class='ocrx_word' id='word_1_43' title='bbox 709 1108 771 1162; x_wconf 88' lang='lat' dir='ltr'>erit.</span> 
     </span>
    </p>
   </div>
   <div class='ocr_carea' id='block_1_6' title="bbox 580 1333 626 1388">
    <p class='ocr_par' dir='ltr' id='par_1_7' title="bbox 580 1333 626 1388">
     <span class='ocr_line' id='line_1_10' title="bbox 580 1333 626 1388; baseline 0 0"><span class='ocrx_word' id='word_1_44' title='bbox 580 1333 626 1388; x_wconf 89' lang='lat'>85.</span> 
     </span>
    </p>
   </div>
   <div class='ocr_carea' id='block_1_7' title="bbox 101 1435 815 1587">
    <p class='ocr_par' dir='ltr' id='par_1_8' title="bbox 101 1435 815 1587">
     <span class='ocr_line' id='line_1_11' title="bbox 101 1435 795 1506; baseline 0.007 -19"><span class='ocrx_word' id='word_1_45' title='bbox 101 1437 200 1488; x_wconf 75' lang='lat' dir='ltr'>Aurea</span> <span class='ocrx_word' id='word_1_46' title='bbox 214 1437 277 1489; x_wconf 91' lang='lat' dir='ltr'>dum</span> <span class='ocrx_word' id='word_1_47' title='bbox 290 1441 387 1505; x_wconf 75' lang='lat' dir='ltr'>captus</span> <span class='ocrx_word' id='word_1_48' title='bbox 401 1440 431 1488; x_wconf 86' lang='lat' dir='ltr'>et</span> <span class='ocrx_word' id='word_1_49' title='bbox 444 1451 569 1506; x_wconf 79' lang='lat' dir='ltr'>gemmea</span> <span class='ocrx_word' id='word_1_50' title='bbox 581 1453 696 1491; x_wconf 76' lang='lat' dir='ltr'>munera</span> <span class='ocrx_word' id='word_1_51' title='bbox 705 1435 795 1506; x_wconf 85' lang='lat' dir='ltr'>judex</span> 
     </span>
     <span class='ocr_line' id='line_1_12' title="bbox 140 1514 815 1587; baseline 0.004 -20"><span class='ocrx_word' id='word_1_52' title='bbox 140 1514 296 1584; x_wconf 80' lang='lat' dir='ltr'>Accipis,</span> <span class='ocrx_word' id='word_1_53' title='bbox 310 1515 370 1572; x_wconf 89' lang='lat' dir='ltr'>heu</span> <span class='ocrx_word' id='word_1_54' title='bbox 380 1522 454 1570; x_wconf 81' lang='lat' dir='ltr'>certe</span> <span class='ocrx_word' id='word_1_55' title='bbox 467 1531 584 1586; x_wconf 79' lang='lat' dir='ltr'>maguus</span> <span class='ocrx_word' id='word_1_56' title='bbox 598 1534 628 1570; x_wconf 87' lang='lat' dir='ltr'>es</span> <span class='ocrx_word' id='word_1_57' title='bbox 642 1517 815 1587; x_wconf 74' lang='lat' dir='ltr'>accipiter.</span> 
     </span>
    </p>
   </div>
   <div class='ocr_carea' id='block_1_8' title="bbox 555 1705 624 1798">
    <p class='ocr_par' dir='ltr' id='par_1_9' title="bbox 555 1705 624 1798">
     <span class='ocr_line' id='line_1_13' title="bbox 555 1705 624 1798; baseline 0 0"><span class='ocrx_word' id='word_1_58' title='bbox 555 1705 557 1710; x_wconf 60' lang='grc'><strong>’</strong></span> <span class='ocrx_word' id='word_1_59' title='bbox 577 1743 624 1798; x_wconf 82' lang='lat' dir='ltr'>se.</span> 
     </span>
    </p>
   </div>
   <div class='ocr_carea' id='block_1_9' title="bbox 101 1842 810 1993">
    <p class='ocr_par' dir='ltr' id='par_1_10' title="bbox 101 1842 810 1993">
     <span class='ocr_line' id='line_1_14' title="bbox 101 1842 810 1916; baseline 0.003 -20"><span class='ocrx_word' id='word_1_60' title='bbox 101 1842 281 1914; x_wconf 72' lang='lat' dir='ltr'>Magnetes</span> <span class='ocrx_word' id='word_1_61' title='bbox 295 1849 390 1898; x_wconf 79' lang='lat' dir='ltr'>vatum</span> <span class='ocrx_word' id='word_1_62' title='bbox 402 1851 578 1916; x_wconf 76' lang='lat' dir='ltr'>magnetes</span> <span class='ocrx_word' id='word_1_63' title='bbox 588 1844 652 1914; x_wconf 81' lang='lat' dir='ltr'>jure</span> <span class='ocrx_word' id='word_1_64' title='bbox 665 1851 810 1900; x_wconf 79' lang='lat' dir='ltr'>vocentur:</span> 
     </span>
     <span class='ocr_line' id='line_1_15' title="bbox 141 1921 790 1993; baseline 0.003 -17"><span class='ocrx_word' id='word_1_65' title='bbox 141 1921 254 1993; x_wconf 86' lang='lat' dir='ltr'>Semper</span> <span class='ocrx_word' id='word_1_66' title='bbox 267 1923 303 1976; x_wconf 80' lang='lat' dir='ltr'>sd</span> <span class='ocrx_word' id='word_1_67' title='bbox 315 1923 366 1976; x_wconf 89' lang='lat' dir='ltr'>hos</span> <span class='ocrx_word' id='word_1_68' title='bbox 380 1930 474 1978; x_wconf 80' lang='lat' dir='ltr'>vetum</span> <span class='ocrx_word' id='word_1_69' title='bbox 488 1927 601 1980; x_wconf 85' lang='lat' dir='ltr'>tendere</span> <span class='ocrx_word' id='word_1_70' title='bbox 613 1926 695 1980; x_wconf 79' lang='lat' dir='ltr'>Musa</span> <span class='ocrx_word' id='word_1_71' title='bbox 710 1926 790 1979; x_wconf 84' lang='lat' dir='ltr'>solet.</span> 
     </span>
    </p>
   </div>
   <div class='ocr_carea' id='block_1_10' title="bbox 575 2151 622 2208">
    <p class='ocr_par' dir='ltr' id='par_1_11' title="bbox 575 2151 622 2208">
     <span class='ocr_line' id='line_1_16' title="bbox 575 2151 622 2208; baseline -0.021 0"><span class='ocrx_word' id='word_1_72' title='bbox 575 2151 622 2208; x_wconf 80' lang='lat'>87.</span> 
     </span>
    </p>
   </div>
   <div class='ocr_carea' id='block_1_11' title="bbox 103 2254 812 2404">
    <p class='ocr_par' dir='ltr' id='par_1_12' title="bbox 103 2254 812 2404">
     <span class='ocr_line' id='line_1_17' title="bbox 103 2254 789 2324; baseline 0 -14"><span class='ocrx_word' id='word_1_73' title='bbox 103 2255 242 2310; x_wconf 81' lang='lat' dir='ltr'>Auritus</span> <span class='ocrx_word' id='word_1_74' title='bbox 257 2271 310 2324; x_wconf 82' lang='lat' dir='ltr'>quo</span> <span class='ocrx_word' id='word_1_75' title='bbox 324 2254 387 2318; x_wconf 85' lang='lat' dir='ltr'>sim,</span> <span class='ocrx_word' id='word_1_76' title='bbox 401 2255 498 2308; x_wconf 79' lang='lat' dir='ltr'>venius</span> <span class='ocrx_word' id='word_1_77' title='bbox 512 2260 652 2312; x_wconf 70' lang='lat' dir='ltr'>auratus</span> <span class='ocrx_word' id='word_1_78' title='bbox 666 2261 789 2324; x_wconf 87' lang='lat' dir='ltr'>oportet:</span> 
     </span>
     <span class='ocr_line' id='line_1_18' title="bbox 141 2334 812 2404; baseline 0.003 -14"><span class='ocrx_word' id='word_1_79' title='bbox 141 2339 243 2390; x_wconf 83' lang='lat' dir='ltr'>Aurum</span> <span class='ocrx_word' id='word_1_80' title='bbox 256 2350 350 2392; x_wconf 80' lang='lat' dir='ltr'>eurem</span> <span class='ocrx_word' id='word_1_81' title='bbox 363 2340 447 2404; x_wconf 79' lang='lat' dir='ltr'>utque</span> <span class='ocrx_word' id='word_1_82' title='bbox 460 2349 556 2390; x_wconf 81' lang='lat' dir='ltr'>eurum</span> <span class='ocrx_word' id='word_1_83' title='bbox 569 2334 714 2390; x_wconf 62' lang='lat' dir='ltr'>conciliare</span> <span class='ocrx_word' id='word_1_84' title='bbox 727 2337 812 2392; x_wconf 78' lang='lat' dir='ltr'>velet</span> 
     </span>
    </p>
   </div>
   <div class='ocr_carea' id='block_1_12' title="bbox 574 2565 620 2621">
    <p class='ocr_par' dir='ltr' id='par_1_13' title="bbox 574 2565 620 2621">
     <span class='ocr_line' id='line_1_19' title="bbox 574 2565 620 2621; baseline 0 -1"><span class='ocrx_word' id='word_1_85' title='bbox 574 2565 620 2621; x_wconf 89' lang='lat'>88.</span> 
     </span>
    </p>
   </div>
   <div class='ocr_carea' id='block_1_13' title="bbox 106 2663 990 2818">
    <p class='ocr_par' dir='ltr' id='par_1_14' title="bbox 106 2663 990 2818">
     <span class='ocr_line' id='line_1_20' title="bbox 106 2663 990 2740; baseline 0.01 -23"><span class='ocrx_word' id='word_1_86' title='bbox 106 2663 171 2718; x_wconf 81' lang='lat' dir='ltr'>Mos</span> <span class='ocrx_word' id='word_1_87' title='bbox 184 2664 236 2718; x_wconf 85' lang='lat' dir='ltr'>vim</span> <span class='ocrx_word' id='word_1_88' title='bbox 251 2667 465 2737; x_wconf 73' lang='lat' dir='ltr'>praegrandem,</span> <span class='ocrx_word' id='word_1_89' title='bbox 479 2682 566 2721; x_wconf 89' lang='lat' dir='ltr'>mors</span> <span class='ocrx_word' id='word_1_90' title='bbox 579 2667 634 2721; x_wconf 78' lang='lat' dir='ltr'>vim</span> <span class='ocrx_word' id='word_1_91' title='bbox 647 2667 727 2722; x_wconf 88' lang='lat' dir='ltr'>simul</span> <span class='ocrx_word' id='word_1_92' title='bbox 739 2669 848 2724; x_wconf 85' lang='lat' dir='ltr'>obtinet</span> <span class='ocrx_word' id='word_1_93' title='bbox 860 2669 990 2740; x_wconf 71' lang='lat' dir='ltr'>emplum</span> 
     </span>
     <span class='ocr_line' id='line_1_21' title="bbox 142 2745 813 2818; baseline 0.006 -19"><span class='ocrx_word' id='word_1_94' title='bbox 142 2745 292 2799; x_wconf 73' lang='lat' dir='ltr'>Parendum</span> <span class='ocrx_word' id='word_1_95' title='bbox 305 2752 349 2799; x_wconf 91' lang='lat' dir='ltr'>est</span> <span class='ocrx_word' id='word_1_96' title='bbox 362 2746 455 2810; x_wconf 87' lang='lat' dir='ltr'>mori,</span> <span class='ocrx_word' id='word_1_97' title='bbox 470 2745 520 2800; x_wconf 82' lang='lat' dir='ltr'>lex</span> <span class='ocrx_word' id='word_1_98' title='bbox 533 2763 641 2818; x_wconf 86' lang='lat' dir='ltr'>quoque</span> <span class='ocrx_word' id='word_1_99' title='bbox 653 2749 712 2802; x_wconf 80' lang='lat' dir='ltr'>iixu</span> <span class='ocrx_word' id='word_1_100' title='bbox 723 2749 813 2804; x_wconf 89' lang='lat' dir='ltr'>mori.</span> 
     </span>
    </p>
   </div>
   <div class='ocr_carea' id='block_1_14' title="bbox 571 2978 619 3034">
    <p class='ocr_par' dir='ltr' id='par_1_15' title="bbox 571 2978 619 3034">
     <span class='ocr_line' id='line_1_22' title="bbox 571 2978 619 3034; baseline -0.021 0"><span class='ocrx_word' id='word_1_101' title='bbox 571 2978 619 3034; x_wconf 83' lang='lat'>89.</span> 
     </span>
    </p>
   </div>
   <div class='ocr_carea' id='block_1_15' title="bbox 106 3073 930 3234">
    <p class='ocr_par' dir='ltr' id='par_1_16' title="bbox 106 3073 930 3234">
     <span class='ocr_line' id='line_1_23' title="bbox 106 3073 930 3156; baseline 0.013 -26"><span class='ocrx_word' id='word_1_102' title='bbox 106 3073 191 3147; x_wconf 78' lang='lat' dir='ltr'>Lsdy</span> <span class='ocrx_word' id='word_1_103' title='bbox 202 3083 304 3132; x_wconf 78' lang='lat' dir='ltr'>vocant</span> <span class='ocrx_word' id='word_1_104' title='bbox 316 3077 444 3134; x_wconf 85' lang='lat' dir='ltr'>Britones</span> <span class='ocrx_word' id='word_1_105' title='bbox 458 3098 623 3152; x_wconf 75' lang='lat' dir='ltr'>generosum</span> <span class='ocrx_word' id='word_1_106' title='bbox 635 3098 749 3152; x_wconf 79' lang='lat' dir='ltr'>corpore</span> <span class='ocrx_word' id='word_1_107' title='bbox 762 3083 930 3156; x_wconf 74' lang='lat' dir='ltr'>Nymphsm,</span> 
     </span>
     <span class='ocr_line' id='line_1_24' title="bbox 142 3157 820 3234; baseline 0.013 -24"><span class='ocrx_word' id='word_1_108' title='bbox 142 3157 254 3212; x_wconf 74' lang='lat' dir='ltr'>Aemula</span> <span class='ocrx_word' id='word_1_109' title='bbox 266 3159 338 3228; x_wconf 82' lang='lat' dir='ltr'>quod</span> <span class='ocrx_word' id='word_1_110' title='bbox 350 3159 460 3216; x_wconf 84' lang='lat' dir='ltr'>Ledse</span> <span class='ocrx_word' id='word_1_111' title='bbox 474 3163 610 3234; x_wconf 73' lang='lat' dir='ltr'>praebeat</span> <span class='ocrx_word' id='word_1_112' title='bbox 621 3163 717 3234; x_wconf 68' lang='lat' dir='ltr'>Angla</span> <span class='ocrx_word' id='word_1_113' title='bbox 730 3165 820 3220; x_wconf 79' lang='lat' dir='ltr'>decus.</span> 
     </span>
    </p>
   </div>
   <div class='ocr_carea' id='block_1_16' title="bbox 0 0 1282 3572">
    <p class='ocr_par' dir='ltr' id='par_1_17' title="bbox 0 0 1282 3572">
     <span class='ocr_line' id='line_1_25' title="bbox 0 0 1282 3572; baseline 0 0"><span class='ocrx_word' id='word_1_114' title='bbox 0 0 1282 3572; x_wconf 95' lang='lat' dir='ltr'> </span> 
     </span>
    </p>
   </div>
  </div>
 </body>
</html>
