2548 3572
557 225 600 272 IV.
611 225 784 273 Miecellmea.

574 397 576 405 ι
654 373 681 429 2.

420 471 598 534 cementa
613 474 666 532 ses
685 469 804 532 nosses
822 469 916 527 Aule.

169 575 243 630 Aula
256 574 329 629 tubis
343 577 457 647 gaudet,
470 576 624 630 Mauortem
637 573 752 644 suspicit
766 574 852 628 aula.

166 655 296 725 Proprius
310 661 354 708 est
366 655 487 709 tumidae
500 654 571 708 risus
585 653 732 708 sardonius
746 669 785 711 au
793 655 855 709 lae.

168 735 259 789 Aulae
272 735 350 788 nulla
361 735 441 798 fides,
457 751 510 788 ucu
525 740 585 788 tute
599 733 717 788 creditur
731 734 840 789 aulae.

52 815 57 820 “
168 816 243 869 Aula
256 816 357 868 malum
371 814 538 884 exitiumque
551 814 665 883 placens
679 813 750 866 bene
764 812 865 867 dixeris
880 813 998 868 aulam.

166 895 242 949 Aula
255 911 334 958 cave,
349 900 380 947 tu
394 895 478 948 corda
489 891 574 948 viriuu
583 897 672 963 saepe
687 892 805 957 cceulis‚'
817 894 906 946 aula.

164 980 192 1028 A
204 975 274 1028 Jove
289 978 318 1028 et
331 965 461 1027 horribile
475 981 519 1027 est
531 970 680 1043 praelustri
693 971 795 1026 fulmen
809 971 845 1026 ab
859 973 945 1025 aula.

165 1054 302 1109 Laudibus
316 1054 456 1107 extollunt
469 1055 577 1108 colaces
592 1061 622 1107 et
634 1051 781 1106 honoribus
795 1051 904 1106 aulae

164 1132 333 1203 Praecipites
348 1149 453 1203 poenae
467 1133 668 1203 benefactaque
683 1132 760 1185 lenta
772 1133 933 1186 aularum

165 1214 235 1268 Vive
249 1211 312 1277 tibi,
329 1213 453 1284 servique
467 1213 539 1277 Dec,
554 1211 625 1266 male
639 1210 741 1265 vivitur
754 1210 852 1264 aulis.

165 1293 282 1348 Vincere
296 1291 319 1346 si
335 1293 443 1368 cyathis
457 1291 558 1355 sessis,
573 1291 653 1362 iuge,
669 1290 692 1344 si
706 1290 792 1362 sapis,
809 1277 917 1376 aulas.

165 1374 246 1428 Oter
258 1372 378 1438 felicem
394 1371 439 1442 qui
452 1388 500 1424 vos
515 1369 656 1434 vitaverit,
672 1371 780 1424 aulae.

163 1452 234 1507 Nam
246 1458 359 1521 praeter
372 1453 498 1505 damnum
512 1450 550 1504 uil
564 1456 736 1522 asportamus
750 1450 786 1505 ab
800 1448 880 1505 aulis.

649 1627 677 1684 3.

397 1726 575 1788 aentnatsn
593 1730 643 1788 tes
662 1727 783 1788 nostes
800 1723 929 1783 Puella.

267 1829 380 1899 Semper
394 1830 473 1884 dulce
486 1829 539 1882 fuit
552 1831 654 1888 malum
665 1828 792 1899 puella.

268 1910 306 1963 Et
317 1926 373 1963 vox
386 1909 525 1963 blanditiis
538 1917 636 1980 potens
649 1908 797 1979 puellae.

268 1988 297 2042 Si
312 1989 371 2059 quis
387 1989 530 2042 crediderit
544 1990 628 2046 semsi
638 1988 791 2059 puellae,

267 2068 335 2122 Post
348 2069 423 2144 lusus
439 2069 505 2122 odiis
519 2069 606 2123 habet
619 2069 775 2138 puellam.
891 2133 894 2140 Δ

267 2147 304 2201 Et
318 2157 445 2202 moerens
455 2148 507 2212 ait,
523 2165 552 2213 c,
567 2151 644 2212 vale,
659 2149 784 2219 puella.

266 2228 299 2280 Ιιι
311 2233 372 2290 tota
384 2228 454 2281 nihil
468 2233 512 2282 est
524 2227 588 2283 boui
602 2229 726 2298 puella.

266 2306 380 2376 Pejores
394 2313 462 2360 cane
476 2307 530 2362 sint
542 2309 608 2362 licet
621 2308 773 2377 puellae,

267 2387 326 2441 Mos
340 2392 439 2460 gratus
452 2393 544 2441 tamen
559 2393 602 2441 est
615 2388 866 2457 puellularuru.·

266 2467 305 2520 Et
318 2473 421 2520 stamus
433 2466 486 2520 fide
501 2467 638 2538 supplices
651 2465 794 2537 puellis,

266 2547 305 2600 Et
318 2545 393 2600 donis
408 2545 518 2599 eruimus
533 2546 604 2600 datis
618 2546 762 2616 puellas.

268 2627 291 2680 O
305 2625 374 2681 felix
386 2641 488 2697 genus,
504 2643 519 2679 o
534 2627 647 2690 docens,
661 2625 811 2695 puellae.

266 2706 390 2760 Divellet
398 2705 514 2776 juvenes
530 2704 589 2784 quis
601 2721 621 2758 a
633 2705 780 2775 puellis?

319 2931 324 2948 '
381 2973 438 3035 wic
455 2971 512 3062 teci
529 2877 697 3046 deterget
716 2976 766 3036 tes
783 2967 939 3028 verbum.

162 3085 967 3158 Quodiuit‚esteterit,peritarticulobrevislrarae,
1008 3153 1012 3160 ι
1086 3105 1092 3114 ·
1130 3089 1133 3098 ’

200 3167 288 3237 Ergo,
303 3165 366 3235 quid
379 3166 492 3235 prodest
504 3183 596 3231 esse,
610 3165 732 3230 luisse,
747 3166 838 3220 iore?
