2548 3572
151 217 194 280 80
387 283 394 293 ,
451 226 491 274 111.
502 225 655 290 Aenigmata
665 226 775 274 laeua
786 233 833 276 aa.

585 381 664 446 ,2.

150 486 245 555 Nuper
259 501 334 540 eram
347 483 441 555 uirgo,
455 489 596 554 materque
612 515 647 524 -
663 485 780 538 Thalete
794 487 901 540 fatente
917 512 954 524 -

150 564 256 626 Munda
272 582 343 617 nuuc
355 564 450 635 rigidis
466 570 561 618 teneor
574 581 701 618 connexa
714 566 827 621 catenis.

87 707 91 715 x
150 646 189 701 Et
202 643 301 708 solida,
317 651 346 698 et
359 644 451 707 fortis,
465 659 516 712 par
529 646 652 713 pondera
665 661 770 715 magna
782 646 907 710 ferendo,

150 726 222 779 Dum
235 724 282 777 via
295 727 326 776 fit
339 725 437 777 flumen
450 738 500 792 per
512 737 567 787 m'e,
582 726 741 794 gaudetque
755 724 869 778 choreis.

149 804 179 859 si
193 820 235 857 me
249 804 308 857 tela
321 807 421 857 necant
433 802 551 867 Phoebi,
566 803 620 856 cito
633 803 712 873 virgo
726 821 867 869 renasc0r;

150 884 180 938 Si
193 891 277 954 caput
290 883 432 936 abscindas
451 881 573 944 „iacies
587 885 650 935 me“
668 882 756 936 dicere
769 883 868 952 possis.

152 963 237 1026 Quid?
251 963 330 1017 lacio.
355 963 409 1016 Cur
421 977 475 1016 nou
490 961 588 1016 collum
601 962 665 1016 milri
680 963 793 1017 demetit
808 963 913 1040 ipsum?

150 1044 182 1098 In
195 1060 238 1097 me
252 1041 387 1105 truncari,
405 1031 473 1110 quod
487 1049 599 1095 truncus
612 1043 703 1096 Marte
718 1043 839 1105 furente,

63 1146 66 1152 -
135 1115 137 1120 ’
149 1123 188 1178 Et
201 1123 259 1177 sine
273 1139 315 1175 me
328 1127 467 1191 nequeunt
482 1122 552 1175 oculi
566 1123 637 1174 bene
651 1139 762 1175 cernere
778 1122 931 1193 quidquam.

633 1327 662 1384 3.

151 1435 269 1490 Urbibus
285 1437 454 1489 adnumeret.
474 1433 502 1487 Si
515 1441 624 1504 partem
638 1433 766 1488 demseris
780 1451 862 1488 uuam

149 1517 174 1569 E
187 1515 287 1576 medic,
302 1513 411 1584 peperit
424 1529 466 1566 me
480 1520 569 1567 mater
583 1529 670 1567 serra.
692 1515 805 1567 Duobus

149 1594 240 1665 Signis
255 1593 378 1657 amissis,'
389 1610 446 1646 sum
459 1591 532 1646 rivus
548 1595 683 1665 sanguine
696 1593 803 1662 plenus.

633 1796 661 1850 4.

148 1901 252 1956 Nuntia
264 1919 307 1955 res
322 1900 431 1963 hiemis,
447 1899 505 1954 siue
519 1905 615 1954 ventre
630 1906 673 1954 est
685 1900 744 1954 filia
756 1901 888 1955 dammae.

635 2103 662 2160 5.

148 2209 212 2262 Vox
224 2206 302 2259 volat
315 2206 342 2259 in
357 2207 444 2269 silvis,
459 2208 539 2279 nigro
552 2209 655 2263 vestita
669 2209 773 2270 colore;

188 2287 266 2340 Tolle
279 2288 389 2354 pedem,
403 2287 492 2341 cclidu
506 2293 563 2350 est;
579 2289 695 2361 frigida,
711 2289 777 2340 tolle
792 2291 884 2357 caput.

634 2511 661 2565 6.

93 2591 98 2601 i
147 2612 210 2664 Jam
223 2611 300 2666 veuit
313 2612 385 2665 ulma
399 2611 487 2682 quies;
502 2611 524 2665 si
539 2630 602 2667 vero
617 2613 745 2668 demseris
759 2629 842 2667 uuam

187 2692 211 2744 E
225 2693 311 2746 medio
324 2698 444 2763 partem,
460 2710 524 2745 mcx
538 2692 611 2764 fugit
624 2694 674 2748 illa
688 2693 772 2763 quies.

633 2911 660 2969 ’7.

147 3018 201 3070 Ars
216 3013 292 3067 vobis
307 3030 356 3083 per
369 3031 412 3069 rue
425 3016 561 3086 lapidaria
574 3015 677 3088 gaudia
689 3016 813 3085 praebet.

147 3094 243 3150 Litora
256 3094 279 3146 si
293 3093 377 3164 capiti
390 3097 548 3169 caudaeque
562 3095 724 3149 adscribitur
736 3111 805 3160 una,

116 3237 118 3244 χ
148 3173 287 3244 objiciunt
300 3172 375 3228 robis
390 3179 521 3230 terrorem
534 3177 622 3232 cauda
635 3179 780 3245 caputque.
