2548 3572
453 223 485 272 11.
496 183 649 286 Aenigmata
660 221 791 284 syllables.

589 371 654 426 100.

168 475 199 530 1.
223 475 262 528 Te
275 480 345 544 tego
357 477 431 537 lule,
447 477 494 528 sed
509 493 543 528 ne
556 493 599 530 me
612 481 678 545 posi
691 476 807 530 vulnera
820 494 918 532 sumas.

121 553 150 606 2.
169 553 202 609 3.
224 555 311 614 Valde
326 569 394 622 opus
408 555 462 608 hac
475 561 529 618 esi,
545 572 580 609 ne
594 555 684 610 subido
699 555 725 610 in
740 574 788 610 nos
803 555 891 610 uruat
904 557 1000 612 hesim.
1093 582 1095 590 ·

103 629 148 691 Q.
160 631 207 692 Θ.
224 634 347 695 Quilibet
360 639 404 688 esi
416 635 516 698 bonus,
532 654 568 689 ex
581 652 635 705 quo
650 641 680 688 tu
695 636 817 706 quaeris,
832 636 883 690 tibi
897 637 1007 691 amicus.

588 871 653 924 101.

103 985 175 1040 Das
188 991 291 1040 natura
303 986 460 1056 priorem,
475 994 506 1042 ul
520 1005 568 1040 nos
582 988 718 1064 placidam
731 988 868 1059 capiamus

106 1065 217 1120 Omnes
232 1067 461 1137 posteriorem.
482 1066 582 1120 Infelix
595 1067 693 1121 dieitur
706 1069 766 1134 ille,

106 1145 199 1200 Toto
213 1145 259 1217 qui
273 1153 358 1200 curet.

587 1380 653 1436 102.

174 1499 200 1552 1.
225 1499 302 1561 „Vae
316 1498 443 1569 stupidae
456 1499 533 1556 mihi!
549 1517 620 1554 nuno
633 1501 770 1571 lacrymas
784 1504 920 1558 effundere
934 1509 1018 1574 capta

226 1579 367 1641 „Debeo”
383 1607 423 1618 -
436 1579 478 1632 Ne
491 1581 597 1648 plores,
612 1580 752 1649 sapienles
766 1587 795 1634 ei
809 1583 963 1652 capiuntur.

129 1656 157 1710 2.
171 1655 197 1709 3.
220 1658 273 1711 Est
287 1674 355 1733 opus
369 1675 446 1721 esoa;
461 1676 516 1712 non
530 1660 622 1729 capies
636 1676 687 1728 per
700 1676 742 1715 me
757 1661 815 1714 sine
829 1677 863 1714 ea
877 1663 948 1732 quid.

2 1786 3 1795 ,
113 1733 158 1794 52>-
167 1732 206 1795 Θ.
218 1738 330 1791 Ponunt
342 1754 385 1790 me
400 1735 599 1806 (insidiatorum
613 1746 678 1793 sunt
690 1739 808 1811 undique
821 1738 922 1807 multi).

56 1811 59 1815 ’
222 1815 266 1870 Sic
280 1816 375 1870 aribus
389 1817 499 1886 pedicas
514 1826 543 1872 et
556 1819 627 1873 retia
638 1835 740 1889 ponere
755 1821 841 1874 cervis

224 1896 419 1950 Cousuesouni.
443 1898 574 1959 Quidnam
588 1899 716 1968 capienti
727 1938 805 1955 .....
878 1945 883 1985 l

587 2125 652 2182 103.

176 2252 201 2305 1.
223 2251 342 2322 Impedio
356 2247 457 2304 delicia
471 2255 500 2302 ei
514 2251 584 2320 quod
597 2249 648 2304 sibi
662 2249 787 2303 dedecori
800 2255 882 2304 esset.

169 2329 171 2332 ’
221 2333 329 2403 Magna
342 2330 448 2384 custodi
460 2347 503 2383 me
517 2346 596 2392 cura,
605 2345 675 2398 ‘nam
687 2329 761 2383 vitiis
775 2334 805 2382 te

221 2412 313 2466 Dedes
327 2411 450 2464 omnibus
465 2408 612 2478 impavide,
628 2409 651 2462 si
665 2407 772 2462 deserui
786 2415 823 2462 ie.

1 2497 2 2574 l
130 2489 159 2545 2.
171 2489 198 2544 3.
220 2492 359 2545 Interdum
372 2506 465 2552 mane,
480 2488 614 2542 interdum
627 2507 670 2542 me
683 2505 800 2558 vespere
815 2489 901 2543 cernis

220 2572 259 2624 In¹
268 2570 357 2632 eoelo;
373 2569 400 2623 in
414 2574 490 2623 terra
504 2569 590 2633 color,
605 2568 658 2622 etsi
671 2568 800 2632 discolor,
816 2570 922 2622 adsum:

220 2650 339 2721 Adspice
353 2650 447 2712 flores,
460 2654 553 2701 vestes
567 2655 650 2718 alque
665 2648 793 2702 animalia
805 2647 900 2702 multo.

116 2724 204 2788 Ml·
220 2729 335 2784 Conscia
347 2733 504 2799 purpureus
516 2729 591 2781 color
604 2728 644 2781 illi
657 2729 734 2781 venii
747 2727 774 2780 in
788 2743 844 2780 ora.

274 3001 280 3030 p
323 3019 331 3036 ,
586 2963 650 3016 104.

173 3083 199 3136 1.
221 3043 318 3136 ilonue
332 3082 429 3136 times?
443 3081 580 3152 Strepitus
595 3098 712 3155 magnus
726 3098 896 3153 magnusque
910 3083 1042 3166 tumultus

220 3162 347 3240 Auditur.
368 3164 432 3240 lapi
443 3161 581 3234 nosipsos
596 3163 689 3218 audire
704 3162 854 3234 nequimus.
