2534 3576
170 210 191 272 2
508 221 528 268 1.
539 220 691 284 Aenigmata
701 223 845 269 nominalis.

655 378 682 434 4.

162 481 209 538 Me
223 480 306 535 radiis
321 479 394 534 acies
409 480 524 534 hominis
538 482 696 551 penetravit
710 483 811 537 acutis:

162 560 267 616 Lucida
280 560 420 614 transmisi
432 560 538 614 Phoebi
552 561 710 632 Phoebique
725 563 825 616 sororis

154 641 287 711 Spicula,
302 657 375 694 nuno
388 641 484 694 horum
497 657 552 693 non
567 657 626 694 sum
639 642 820 710 penetrabilis
835 643 894 697 ulli.
931 633 934 644 ’

161 721 264 776 Obstat
278 721 351 774 obex
364 720 477 784 etenim,
493 718 571 788 eujus
585 720 612 774 vi
626 721 709 774 missa
722 722 827 791 repello

161 800 245 864 Tela,
260 799 413 870 hominique
427 816 490 854 suos
503 816 566 853 mea
578 807 734 854 monstrant
747 817 867 871 aequora
881 803 972 856 vultus

149 881 204 934 .Ad
218 879 322 945 sirum,
337 885 366 934 et
379 879 488 944 melius,
505 893 586 950 quam
598 879 688 950 possit
697 883 829 946 reddere,
843 883 889 937 vel
903 881 949 952 qui

159 959 292 1014 Lineolue
306 958 396 1014 tenuis
410 959 522 1014 tabulae
537 975 620 1028 super
634 975 753 1030 aequore
767 962 850 1014 duotu

160 1041 346 1110 Protogenem
359 1038 437 1103 vioit,
453 1039 498 1093 vel
513 1039 558 1108 qui
572 1040 737 1109 depinxerat
750 1056 843 1104 uuam,

61 1161 64 1180 .
160 1119 309 1174 illecebras
323 1119 477 1187 voluerum,
492 1119 538 1170 vel
552 1118 597 1188 qui
612 1119 725 1174 subtilia
737 1120 802 1173 uela

162 1198 322 1268 Deceptura
334 1199 472 1252 hominem
483 1195 542 1276 jam
556 1214 586 1250 se
600 1197 700 1254 vicisse
712 1199 830 1270 putavit.

649 1420 676 1476 5.

158 1545 293 1598 Auroram
307 1544 383 1597 olera
396 1548 542 1597 consuetus
555 1560 622 1596 vooe
637 1559 749 1605 vobere,

196 1623 264 1676 Post
278 1638 329 1676 sua
341 1622 454 1692 gavisus
467 1620 576 1692 proelia
588 1621 680 1680 vietor,
690 1628 763 1676 ovat.

158 1701 219 1756 Non
233 1701 319 1771 capiti
334 1701 447 1766 cristae,
462 1701 578 1771 pedibus
592 1701 711 1755 calcaria
724 1703 838 1754 desunt:

197 1780 263 1835 Sola
276 1782 360 1852 gulae
374 1781 464 1835 rabies
480 1798 535 1834 non
549 1780 614 1834 sinit
627 1798 688 1834 esse
702 1780 796 1835 virum.

156 1857 219 1914 Non
232 1861 347 1915 valeant
361 1860 411 1930 ipsi
420 1865 524 1916 'eontra
537 1860 614 1914 illum
627 1865 703 1914 stare
718 1861 825 1926 leones,

195 1939 275 1994 Ilioet
287 1940 395 1996 infamis
410 1943 457 1994 sed
471 1939 616 1994 meminere
631 1940 725 2010 fugae.

641 2164 671 2219 ,6.

154 2281 216 2339 Non
229 2283 320 2348 bibor,
336 2289 365 2337 et
377 2283 513 2352 bibor‚¹et
526 2283 628 2354 populo
643 2300 702 2338 sum
714 2291 796 2354 potus
810 2289 840 2336 et
853 2284 926 2337 haud
940 2297 1007 2338 sum.

194 2364 309 2419 Mandor
322 2365 358 2417 ab
373 2363 502 2428 oooiduis,
518 2379 568 2416 neo
581 2369 674 2417 tamen
688 2379 753 2416 esoa
766 2363 812 2418 ihi.
944 2373 948 2382 '

156 2445 225 2500 Cum
238 2442 329 2508 bibor,
344 2441 406 2513 ipsa
420 2442 479 2496 sitis
494 2442 605 2496 erescit:
620 2459 679 2496 sum
692 2441 803 2496 viotIma
815 2443 907 2514 vulgi3

195 2525 345 2594 Torqueor,
360 2522 476 2586 incidor,
491 2528 611 2586 torreor,
626 2538 690 2576 uror
704 2521 782 2575 idem.

155 2603 309 2659 Consedere
322 2602 374 2656 viri
388 2608 431 2666 et,
447 2605 592 2670 eonspeoto
606 2618 718 2656 munere
733 2599 835 2666 divum,

195 2681 343 2746 Quaelibet
357 2681 443 2736 exitio
457 2683 557 2734 dextra
570 2698 620 2751 rep
626 2688 687 2735 erta
700 2699 769 2736 meo.

154 2762 222 2818 Pars
238 2761 265 2814 in
279 2761 368 2816 frusta
382 2766 491 2825 seoant,
511 2776 576 2830 pars
591 2761 650 2834 igni
663 2759 806 2816 humentia
819 2759 924 2814 siccant

66 2827 72 2844 ⁸
194 2843 329 2911 (torpore,
344 2858 408 2913 pars
421 2843 543 2896 dammas
557 2843 780 2912 admonebatque
794 2839 878 2895 faces.

154 2922 220 2977 Otia
234 2920 280 2991 qui
293 2920 417 3002 fugiunt,
431 2921 460 2976 in
474 2921 553 2975 nobis
568 2921 626 2974 otia
638 2923 769 2992 perdunt,

193 3001 231 3056 Et
243 3015 346 3072 magna
358 3007 497 3072 peragunt
510 2999 658 3055 sedulitate
671 3001 748 3056 nihil.

153 3081 213 3146 Quo
227 3079 334 3154 oapior,
348 3082 460 3150 perdor,
476 3098 528 3151 quo
543 3081 668 3146 claudor,
682 3079 772 3150 pellor
786 3082 821 3135 ab
836 3095 896 3143 ore,

192 3161 348 3232 Nostraque
360 3177 426 3216 mox
438 3159 526 3215 difflat
539 3159 656 3228 fereula,
671 3159 792 3231 quisquis
807 3163 889 3214 amat.
