2534 3576
141 203 186 270 42
369 189 370 194 ยน
473 213 494 262 1.
504 211 659 276 Aenigmata
668 209 814 262 nominatio

610 363 677 421 199.

141 468 266 524 Proebeo
280 467 395 538 potsndi
408 474 512 524 oertum
525 468 681 524 sitientibus
695 483 790 536 usum,

181 547 248 603 cum
261 549 346 619 grute
358 547 474 604 oolidom
487 548 635 605 sorbitione
650 547 757 604 bibunt.

141 626 235 684 Servio
249 627 381 692 oonvivis,
397 628 521 682 evulsum
535 630 642 698 quondo
655 628 787 698 legumen

180 710 273 777 Atque
286 712 400 780 agreste
415 707 486 762 eoois
500 707 567 780 igne
580 710 706 762 dometur
719 707 788 762 olus.

141 786 283 842 Involuoro
297 789 412 857 quodum
425 794 583 842 nascentem
597 793 716 860 oontego
730 787 836 850 florem,

182 867 269 930 Quem
280 864 356 938 prius
370 866 512 937 egreditur
523 884 589 922 vere
603 873 717 938 tepente
730 881 802 922 ross.

141 945 292 1002 Glsndibus
306 945 370 1001 bino
383 949 478 1000 durum
492 946 663 1001 silvestribus
677 947 746 1000 oddo
759 951 905 1014 putamen,

182 1026 258 1090 Quos
272 1026 366 1080 suibus
380 1028 479 1081 duntur
492 1032 577 1098 grato
589 1027 690 1099 sagina
702 1026 771 1079 oibo.

140 1107 265 1162 Defende
280 1106 407 1162 cochleas
421 1107 450 1160 in
463 1107 541 1178 equis
555 1113 683 1178 terreque
696 1109 847 1169 morantes,

180 1187 213 1240 In
225 1185 339 1257 propriu
352 1193 431 1242 tutee
446 1187 503 1241 siut
515 1192 548 1242 ut
559 1186 662 1258 ubique
675 1187 761 1240 domo.

610 1387 675 1443 191.

142 1488 257 1558 Oppono
270 1488 381 1552 molem,
395 1494 470 1544 torto
483 1506 518 1542 ne
531 1489 645 1561 gurgite
659 1488 756 1543 nimbis

182 1565 337 1623 Luxeriuns
351 1568 468 1642 pingues
483 1569 568 1624 omnis
582 1569 696 1624 inundet
709 1584 800 1642 egros.

141 1645 236 1701 Munio
250 1663 309 1701 oum
323 1648 420 1702 eastris
434 1665 512 1703 eroes
525 1649 675 1720 urbesque,
690 1654 804 1702 cruento

184 1726 221 1781 Ut
234 1731 331 1781 teuent
345 1727 432 1798 quivis
446 1733 523 1783 tutus
538 1728 574 1782 nb
587 1729 667 1782 hosts
681 1728 777 1783 lnrem.

143 1805 185 1862 Ne
198 1807 409 1878 peregrinantes
423 1806 502 1862 lobor
515 1807 682 1878 surigssque
695 1813 829 1870 moretur,

181 1886 221 1941 Et
233 1885 319 1942 fuoiut
332 1887 409 1942 iaetu
421 1887 511 1942 fronte
524 1887 616 1941 vietor
628 1887 695 1951 iter,

142 1965 204 2022 Non
218 1983 302 2036 opera
316 1969 422 2033 desum,
436 1967 556 2023 studium
567 1984 622 2021 non
635 1967 742 2038 denego
756 1965 896 2036 cuiquem,

183 2045 253 2101 Tele
266 2049 360 2102 dutum
373 2047 475 2103 ferient
488 2054 519 2102 ut
528 2046 657 2118 jeouluto
670 2061 791 2117 scopum.

612 2266 678 2322 192.
753 2317 755 2323 ,

144 2366 300 2422 Versioolor
312 2365 422 2438 fugiens
436 2369 541 2423 eoelum
555 2373 711 2440 tetrumque
724 2366 863 2437 relinquo:

144 2445 205 2501 Non
218 2447 318 2501 tellure
332 2447 408 2501 loeus
422 2445 500 2511 mihi,
515 2465 568 2502 non
583 2447 610 2501 in
624 2453 705 2517 purte
718 2447 843 2516 polorum
857 2450 910 2500 est.

143 2525 266 2580 Exilium
279 2527 371 2581 nullus
384 2528 463 2581 modo
476 2533 533 2581 tum
547 2528 655 2580 erudele
669 2531 794 2588 veretum

144 2603 199 2660 Sed
211 2606 325 2662 madidis
338 2607 465 2661 mundum
478 2605 577 2662 focium
591 2607 758 2660 frontesoere
771 2603 870 2676 guttis.

614 2809 679 2868 193.

146 2915 213 2970 cum
226 2917 259 2968 de
273 2916 338 2970 sede
352 2931 413 2972 meu
425 2932 476 2987 per
488 2914 542 2972 vim
555 2917 684 2972 detrudor
696 2914 829 2986 iniquum

184 2995 320 3066 Fulgurot
332 3001 416 3065 etque
431 3002 512 3052 antro
526 2995 641 3052 fulmins
653 2996 713 3050 diro
725 3000 833 3051 tonent.

145 3073 191 3131 Me
205 3090 249 3129 res
263 3089 351 3144 poros
363 3072 466 3144 abigit,
480 3076 542 3139 sed,
558 3091 618 3132 oum
631 3075 770 3132 discedere
783 3089 883 3147 oogor.

186 3154 253 3209 Cum
266 3154 339 3208 fumo
352 3152 468 3215 nebulus
482 3154 584 3210 balitus
599 3160 661 3212 oter
673 3153 743 3225 ogit.
