2548 3572
153 191 196 268 72
490 211 521 258 11.
532 211 831 275 Aenigmotnsyllobieo.

625 369 672 428 95.

194 468 220 522 1.
243 468 289 521 Nil
302 473 346 522 est
358 469 452 524 letius.
469 497 504 508 -
520 469 547 528 2.
560 472 599 526 Et
611 472 699 528 levius
713 473 760 528 nil.
777 503 812 513 -
827 471 867 533 Θ.
877 473 914 536 Θ.
928 477 1030 534 Evomo
1043 493 1161 538 suavem

179 562 188 584 ’
240 548 354 605 Odorem
368 567 405 603 ex
418 565 534 604 me....

625 749 671 805 96.

151 845 223 900 Dum
237 852 344 904 totum
357 855 478 914 reorent,
493 857 615 905 vertex
629 860 725 924 rogat,
740 854 861 910 ultima
873 855 952 910 rodit.
969 933 972 940 Ι

626 1059 673 1114 97.

167 1154 192 1207 1.
209 1153 236 1207 2.
257 1153 365 1209 Montes
379 1173 422 1209 me
436 1165 606 1228 genuerunt,
623 1166 668 1214 ast
681 1161 814 1215 industria
828 1163 912 1226 servi,

256 1235 336 1288 Altos
350 1243 456 1289 montes
470 1237 516 1308 qui
530 1238 609 1303 rodit,
625 1246 669 1293 est
681 1249 769 1296 mater
781 1259 851 1296 mee.
877 1239 977 1306 „Nobis

256 1314 320 1380 Dio,
335 1315 381 1368 ubi
395 1319 425 1371 t'u
438 1318 597 1389 plerumque
613 1319 683 1372 domi
697 1321 761 1375 es?“
767 1361 843 1376 .....

256 1398 314 1448 Aut
327 1393 353 1447 in
369 1396 455 1459 nnsis,
470 1397 559 1449 autin
574 1397 650 1452 libris
664 1406 747 1471 etque
762 1401 859 1454 culino.

207 1471 235 1524 3.
258 1473 322 1527 Sum
336 1473 470 1538 dominus,
485 1482 572 1530 totum
587 1481 713 1532 mundum
728 1480 773 1550 qui
786 1479 891 1551 dirigit,
906 1497 973 1550 ergo

257 1551 299 1606 Sit
312 1553 377 1606 mihi
389 1554 488 1608 honor!
499 1595 595 1611 ......

152 1625 193 1687 Θ.
204 1627 241 1688 Θ.
260 1631 324 1694 „Vis
338 1638 398 1688 me?
413 1634 470 1687 sive
485 1651 615 1706 aspernas
630 1643 661 1690 tu
675 1637 751 1693 me?“
768 1637 809 1693 dio
823 1637 899 1706 mihi,
914 1643 1009 1694 ovare!

259 1711 337 1774 „Non
352 1711 424 1767 aliud
439 1717 547 1784 quando
561 1717 654 1779 video,
669 1724 699 1770 tu
714 1720 803 1772 carius
818 1737 862 1784 es,
878 1735 958 1790 quam

231 1803 232 1806 ’
257 1790 384 1846 Nullum“
397 1832 476 1848 .....

627 1999 674 2056 98.

168 2095 194 2149 1.
207 2094 235 2150 2.
257 2100 345 2152 Aetas
360 2115 445 2154 aureo
458 2118 539 2172 quum
552 2101 657 2167 fuerat,
673 2119 751 2155 nemo
765 2101 873 2174 indigus
886 2099 969 2170 hujus

259 2175 346 2230 officii
359 2177 419 2233 fuit.
442 2181 540 2234 Omnes
555 2181 581 2234 in
596 2181 740 2236 eoncordia
753 2199 861 2251 semper

256 2256 406 2321 Vixerunt,
422 2260 468 2312 sed
482 2277 553 2314 nunc
566 2261 645 2316 rixae
659 2268 688 2315 et
700 2260 833 2316 discordia
846 2277 944 2333 pravo:

257 2334 395 2390 Infaustus
408 2340 524 2393 reddunt
537 2357 599 2404 vos,
613 2359 661 2394 vos
676 2341 812 2394 dementia
826 2339 911 2410 cepit:

259 2415 366 2470 Currite
380 2425 518 2472 certantes
533 2437 604 2483 nuno
618 2421 651 2473 od
665 2425 720 2473 me!
732 2459 828 2474 ......

208 2493 236 2549 3.
258 2496 355 2560 Fesee,
371 2497 488 2566 quietem
502 2497 524 2551 si
538 2499 591 2563 vis,
607 2501 698 2552 sedem
711 2505 742 2554 tu
757 2515 837 2570 cepe,
852 2515 915 2552 nam
929 2505 982 2553 sto.

153 2569 193 2631 Θ.
204 2571 243 2633 Θ.
258 2575 435 2630 Sedessoorn
448 2595 489 2640 es3
505 2585 647 2648 corruptus
661 2595 798 2648 nunquam
812 2580 908 2632 sedent
921 2581 962 2632 te!

626 2807 672 2862 99.

211 2909 236 2963 1.
256 2908 360 2962 Nomen
375 2907 500 2966 caeseris
514 2914 571 2973 est,
585 2910 633 2963 sed
646 2928 702 2964 non
715 2911 827 2981 Europe
840 2915 922 2965 vocat
935 2907 973 2962 sie

257 2989 315 3042 Hos
329 2987 449 3041 dominos
465 3006 614 3044 summos..
626 3028 649 3042 ..

208 3067 235 3124 2.
256 3067 370 3122 Omnino
384 3067 488 3122 linitum
502 3075 558 3133 est,
574 3071 621 3124 sed
634 3069 747 3140 neglige
762 3069 835 3124 seria
847 3083 994 3138 nunquam.
1016 3137 1021 3144 .
1090 3145 1094 3150 Ι
1136 3104 1155 3148 .'

152 3145 193 3209 Θ.
204 3144 242 3209 Θ.
255 3147 365 3205 Falsum
378 3163 490 3206 nomen:
505 3149 545 3202 nil
559 3156 603 3204 est
615 3167 712 3220 nempe
727 3149 848 3224 severius
862 3147 919 3206 illo.
