2534 3576
425 249 444 296 1.
455 248 609 312 Aenigmata
618 247 747 308 syllabica.

511 438 512 450 .
557 395 604 452 32.

31 539 32 542 .
109 499 131 554 1.
144 499 170 554 2.
190 499 295 555 Accidit
308 505 338 554 et
351 499 428 563 mihi,
444 501 514 569 quod
523 499 583 568 jam
595 497 687 552 multis
701 498 800 552 accidit
812 503 891 552 ante:
912 535 917 543 -

189 581 240 634 Hic
252 581 314 634 dum
328 581 464 632 meraldo
478 580 636 641 contemnit,
651 580 748 632 laudor
762 580 797 632 ab
811 578 867 634 illo.

112 649 121 676 ¹
144 687 150 695 ·
189 659 216 714 Si
230 659 295 713 mihi
309 659 425 713 rusticus
440 675 476 712 ex
490 659 578 712 animo
592 664 651 712 toto
664 658 812 724 benedicit,

188 740 255 793 Tum
268 730 446 792 vehementer
458 739 571 809 longum
584 738 637 792 iter
650 738 695 791 hic
707 739 811 814 taciens
825 737 969 792 maledicit.

187 820 311 873 Iuluctu
325 825 368 872 est
380 819 451 882 avis,
467 818 599 871 exsiliunt
611 833 750 888 ranaeque
763 819 871 889 palude.

186 902 240 953 Ast
252 915 307 970 ego
321 899 447 952 consolor
458 915 515 951 me:
529 915 606 951 nemo
622 898 756 951 satisfacit
770 897 848 952 omni.

31 1035 32 1040 Ἰ
105 974 128 1029 3.
141 976 167 1032 4.
186 980 276 1043 Heus,
291 979 371 1031 heus!
387 977 425 1031 nil
438 979 518 1030 valeo
532 978 628 1040 laxus,
643 977 757 1049 frangor
766 977 848 1031 vnimis
863 981 964 1030 arctus.

94 1051 126 1112 3.
138 1054 172 1116 Θ.
186 1059 264 1112 Tolle
279 1058 370 1111 oculos
384 1058 470 1111 laete!
485 1056 567 1111 scito:
581 1061 645 1126 post
657 1057 751 1110 nobila
763 1058 900 1113 Phoebus.

556 1261 603 1316 33.

142 1361 166 1416 1.
188 1361 351 1424 Quotidiano
365 1364 410 1433 qui
424 1363 508 1418 satiat
520 1363 594 1419 victu
608 1364 772 1428 esurientes,

189 1443 239 1504 Qui
252 1459 350 1512 puram
362 1444 441 1496 valde
456 1443 559 1496 sitienti
572 1444 690 1514 porrigit
702 1445 813 1508 undam,

187 1526 279 1592 Atque
292 1522 414 1593 benigne
428 1524 564 1576 denudato
578 1526 662 1577 donat
676 1522 815 1587 amictum,

189 1601 274 1663 Quam
287 1602 434 1656 venerandi
448 1609 512 1656 suut
525 1602 566 1656 hil
581 1603 626 1656 Me
640 1603 694 1655 illis
709 1602 906 1673 adnumerabis.

186 1681 270 1734 Filius
285 1688 328 1735 est
341 1681 405 1735 mihi
419 1683 551 1752 degener;
566 1683 610 1737 hio
623 1699 695 1736 nunc
708 1682 812 1754 gaudia
825 1682 909 1746 falsa,

186 1760 264 1814 Nunc
277 1761 368 1814 lictum
381 1760 472 1831 pingit
485 1777 647 1824 moerorem;
662 1761 762 1832 decipit
776 1761 823 1814 1111

187 1839 307 1908 Semper.
330 1841 476 1894 condoleo.
497 1841 581 1894 Pater
595 1850 638 1896 est
651 1842 787 1894 innoxius.
808 1841 853 1895 Illi

186 1919 242 1972 Vos
256 1937 291 1972 ne
305 1920 419 1982 credite,
434 1914 484 1973 uec
499 1921 756 1975 commentatoribus
770 1919 839 1988 ejus.

186 1997 313 2052 Noscitur
327 2017 363 2052 ex
377 1999 463 2063 socio,
479 2001 524 2071 qui
538 2017 591 2054 non
606 2000 779 2072 cognoscitur
793 2015 830 2052 ex
843 2015 886 2060 sc;
948 2062 952 2072 ι

186 2082 239 2132 Ast
253 2077 337 2131 odiosi
350 2095 404 2131 uon
417 2079 510 2134 fratris
524 2079 669 2148 pronuntio
683 2096 789 2133 nomen.

101 2155 125 2209 2.
139 2156 165 2212 3.
185 2159 310 2212 Urbanus
323 2174 428 2211 mecum
441 2159 483 2212 vir
495 2159 586 2212 nullus
599 2159 691 2228 prodit
704 2159 731 2212 in
746 2159 837 2220 aulas,

186 2236 289 2290 Nobilis
304 2243 439 2291 ettamen
454 2245 591 2294 exornata
605 2244 649 2292 est
661 2238 762 2292 femina
774 2254 824 2308 per
837 2253 890 2292 me.

90 2311 124 2374 5).
134 2311 170 2374 Θ.
184 2315 212 2370 Si
226 2323 309 2386 caput
322 2317 392 2369 haec
406 2317 491 2388 tegit,
507 2324 610 2388 exopto
625 2323 657 2371 ut
669 2318 777 2388 placide
790 2316 955 2387 requiescas.

92 2631 112 2686 1.
122 2632 148 2688 2.
158 2631 183 2687 3.
203 2632 346 2698 Dicmihi,
360 2635 526 2690 1111111111
539 2653 588 2690 uos
602 2638 867 2708 nonuebrevissima
880 2638 1003 2703 semper?

155 2711 181 2766 4.
200 2712 245 2765 Illi
258 2713 342 2766 robur
355 2721 385 2768 et
398 2731 445 2768 aes
459 2715 575 2785 triplex,
591 2718 662 2786 quod
675 2734 753 2770 nemo
767 2716 894 2788 negabit,

204 2792 282 2846 Circa
294 2801 391 2863 pectus
407 2801 480 2858 erat,
496 2795 542 2864 qui
554 2796 656 2865 primus
672 2797 772 2867 fragile
785 2797 890 2867 lignum

202 2870 247 2925 Me
261 2874 364 2942 pelago
377 2874 507 2928 immenso
522 2875 668 2930 commisit.
678 2915 684 2930 .
695 2916 716 2930 ..

101 2946 134 3008 l).
145 2947 181 3010 d.
201 2951 271 3026 Sunt
283 2953 352 3005 varii
365 2953 498 3007 sociorum
512 2955 646 3019 etmulti,
661 2971 754 3007 verum
768 2971 821 3024 ego
836 2959 911 3008 certe

200 3031 351 3096 Maximus,
367 3033 420 3088 aio.
440 3032 524 3088 Nulla
538 3035 612 3088 salus
625 3049 676 3103 per
688 3051 730 3086 me
744 3034 797 3086 suit
809 3049 939 3104 unquam,

199 3111 338 3166 Pernicies
351 3112 446 3166 multa.
468 3114 568 3170 Omnes
582 3119 721 3167 contestor
733 3115 863 3184 populos,
878 3119 909 3167 at

199 3191 260 3245 Non
272 3194 381 3264 anglos
382 3228 460 3250 ......
