2534 3576
175 224 220 297 '5⁵4
515 244 535 292 1.
545 243 697 306 Aenigmata
708 241 836 303 syllabica.

192 398 218 453 3.
234 398 261 454 4.
281 399 337 453 En!
352 400 496 454 thesaurus
510 398 598 452 carior
611 413 677 451 auro
692 402 747 461 est,
764 397 837 468 elige
851 413 951 452 carum.

280 478 359 532 Illum
373 485 405 532 ut
418 478 594 542 nanciscaris,
609 478 644 531 mi
657 479 742 541 bone,
757 478 844 531 nitere
858 493 973 547 semper.

176 553 215 616 Q.
227 553 264 616 Θ.
278 560 355 614 Haeo
369 560 392 612 si
405 559 491 611 verba
503 557 580 621 lacit,
596 557 654 628 quis
668 575 723 610 non
737 555 888 610 incenditur
902 557 958 610 ira?

279 639 456 692 Intolerabile
470 639 584 691 multum
599 643 654 702 est,
670 638 741 690 hanc
755 639 803 690 sed
818 636 931 707 quilibet
946 635 1011 692 odit.

92 713 97 740 1

646 851 693 906 30.

231 959 257 1014 1.
277 956 393 1013 Solliciti
406 973 448 1010 me
464 961 610 1027 quaerunt,
626 955 786 1010 iratissimus
800 955 885 1010 hostis

279 1038 308 1092 Si
321 1035 467 1090 crudeliter
481 1037 590 1107 appetit
604 1037 676 1106 ipsos
690 1035 924 1106 persequiturque.

239 1165 247 1186 ,
280 1115 445 1187 concipiatis
460 1134 547 1186 spem,
564 1115 648 1170 sivos
663 1117 807 1168 defendere
821 1115 913 1168 nullae

279 1196 420 1250 Sufficiunt
432 1195 568 1250 humanae
582 1196 663 1249 vires.
684 1194 830 1248 Invenietis

278 1273 361 1330 Certe
374 1295 425 1330 me.
446 1277 498 1329 Est
511 1277 585 1329 Deus
600 1274 782 1344 omnipotens,
798 1289 830 1326 ao
844 1273 956 1343 impedit
968 1272 1086 1328 hostem.

278 1355 342 1410 luti
354 1355 442 1410 eritis:
457 1371 505 1408 vos
519 1354 578 1424 ipse
593 1355 647 1408 suis
661 1355 742 1409 firmis
756 1360 835 1424 teget
847 1353 937 1406 armis.

187 1434 214 1490 2.
228 1435 256 1490 3.
277 1437 376 1489 Omnes
389 1432 500 1487 humani
514 1433 622 1506 generis
637 1434 687 1488 tibi
699 1435 774 1505 linge
789 1433 920 1496 inimicos,
969 1437 974 1452 ⁸

277 1513 422 1582 Maiorem,
436 1512 571 1583 pejorem,
588 1529 667 1584 quam
681 1531 742 1577 nos,
758 1531 812 1567 non
826 1513 876 1567 tibi
889 1513 990 1583 finges,

279 1593 330 1656 Qui
344 1593 448 1647 invadit
460 1593 568 1646 rabidus
584 1601 708 1656 cunctos,
723 1608 776 1646 non
791 1592 881 1662 parcit
894 1598 923 1645 et
937 1591 1019 1655 omni,

279 1673 368 1742 culpa
382 1672 427 1742 qui
440 1677 534 1735 vacat,
549 1672 611 1725 illos
625 1673 757 1725 deformat
771 1671 944 1743 muniatque,

276 1752 377 1806 Reddit
390 1753 496 1814 surdos,
512 1768 619 1813 coecos,
635 1752 758 1814 claudos,
774 1757 883 1815 enecat,
900 1757 982 1822 atque

275 1818 337 1887 Non
352 1831 479 1892 satiatur;
494 1831 536 1883 dic
549 1830 627 1893 mihi,
642 1846 732 1883 nonne
747 1836 790 1883 est
803 1830 850 1884 ille
864 1831 1015 1884 timendus?

277 1911 358 1965 Tales
373 1928 422 1965 nos
437 1927 536 1964 sumus.
556 1910 608 1963 Est
621 1909 753 1962 confessio
767 1905 889 1980 propria,
904 1925 978 1964 vera.

151 1995 154 2002 “
172 1987 212 2050 Φ.
224 1986 260 2050 u.
277 1991 468 2047 Conservatori
481 1995 574 2044 nostro
588 1989 624 2043 sit
637 1989 769 2044 maxumus
784 1991 883 2044 honor!

276 2071 329 2124 Per
344 2087 400 2124 nos
416 2087 433 2123 a
445 2087 532 2140 prava
544 2076 624 2140 peste
638 2070 692 2124 hac
705 2069 826 2123 homines
839 2068 975 2126 liberarit.

646 2287 693 2342 31.

186 2391 213 2445 1.
228 2389 256 2444 2.
277 2387 359 2444 Ponit
372 2388 471 2442 multas
486 2395 516 2442 et
528 2390 648 2444 diversas
663 2395 729 2443 anto
744 2391 835 2444 oculos
849 2405 893 2444 res

276 2469 395 2523 Natura:
410 2473 440 2522 at
453 2468 554 2522 similes
568 2469 631 2522 illas
647 2485 729 2538 saepe
744 2486 804 2522 esse
818 2470 951 2530 ridemus,

277 2547 405 2610 Quamvis
418 2563 475 2600 una
488 2553 532 2599 est
544 2548 725 2617 praecellens,
741 2564 774 2600 ao
787 2548 878 2602 altera
890 2547 961 2600 vilis.

276 2627 351 2682 Pone
366 2627 512 2680 hominem:
527 2626 582 2690 dic,
597 2644 686 2680 nonne
701 2633 745 2680 est
759 2627 836 2681 simia
849 2627 929 2681 vilior
943 2625 1008 2678 illo?

275 2707 351 2760 Pone
365 2706 482 2768 asinum;
497 2721 587 2759 nonne
601 2713 644 2760 est
657 2706 843 2776 praestantior
856 2707 903 2759 ille
918 2705 1059 2759 caballus?

275 2785 341 2838 Fele
355 2791 399 2842 eat
412 2785 491 2856 tigris
505 2783 606 2853 madon
621 2801 719 2839 saevas
733 2786 866 2839 noscimus
880 2786 982 2838 ambas.

274 2867 366 2920 Anser
378 2866 452 2929 vilis,
467 2867 514 2918 sed
527 2864 657 2934 majores,
674 2881 785 2935 quorum
798 2881 852 2937 ego
866 2865 930 2919 nolo

275 2942 374 2997 Dicere
387 2961 492 2998 nomen.
514 2945 554 2999 'Pu
567 2950 646 3014 potes
661 2945 728 2998 illud
741 2946 840 3000 dicere.
860 2945 974 2998 Nonne?

187 3021 214 3077 3.
230 3021 257 3076 4.
278 3021 409 3078 ltudimus
423 3029 465 3087 te;
481 3025 601 3078 delectas
616 3040 695 3077 aures
710 3025 889 3094 animumque.

169 3098 210 3161 ib.
222 3097 260 3162 Θ.
274 3105 347 3157 Ante
361 3101 464 3156 obitum
477 3109 555 3156 estne
569 3105 684 3158 beatus?
699 3103 815 3170 Cantus,
831 3117 909 3173 quem
922 3101 1008 3166 canit,
1022 3102 1106 3154 hocce

274 3181 418 3237 Affirmare
431 3182 552 3239 videtur.
561 3221 569 3238 .
577 3222 600 3238 ..
