2548 3572
73 237 77 249 .
153 189 196 257 '18
488 201 518 248 11.
530 199 684 266 Aenigmata
693 199 824 262 syllabica.

621 351 687 406 111.

211 457 236 510 1.
260 455 391 518 „sordida
404 472 475 520 sum,
489 473 532 510 me
547 455 607 526 quis
621 453 735 511 lavatl“
751 457 864 520 Altera,
878 455 1014 526 plangere
1027 453 1093 511 noli.
1126 493 1143 526 Ι.

208 536 236 590 2.
256 536 349 600 Alter,
365 534 421 588 eive
435 541 479 589 est
492 534 629 589 interdum
642 534 745 598 ultera,
760 533 803 589 eui
817 537 899 588 datur
913 535 998 590 hicce.

154 612 193 674 Φ.
203 611 240 674 (11.
255 615 444 669 Admittuntur
458 616 491 668 ad
505 614 590 680 hune,
606 631 636 667 se
650 614 764 670 eredunt
778 631 838 668 esee
852 615 958 670 beatos.

326 705 330 730 l
774 719 777 726 .

624 817 688 873 118.

211 925 236 977 l.
257 921 373 993 Syllaba
386 927 481 975 nostra
494 926 597 975 statum
611 921 661 974 tibi
674 926 772 991 terque
788 927 940 991 quaterque
953 921 1066 974 beatum

258 1003 329 1062 Da13
344 1017 397 1071 quo
413 1001 458 1070 qui
472 1000 583 1064 fruitur,
600 1018 654 1055 non
668 1007 712 1054 eet
725 999 830 1053 felicior
844 1000 900 1054 illo.

260 1080 418 1149 Subjieiaris
432 1096 570 1151 nunquam
583 1082 678 1144 rebus,
695 1081 742 1132 sed
757 1079 807 1132 libi
821 1085 934 1134 cunctas

260 1159 395 1229 Subjieias
403 1200 491 1215 ......

169 1243 196 1298 2.
211 1243 238 1297 3.
260 1240 378 1310 Quisque
393 1239 501 1294 laboret
515 1236 563 1305 (sis
577 1238 665 1292 socius
679 1245 722 1302 lu,
738 1239 809 1293 risve
822 1237 969 1308 magister,

260 1315 463 1390 Discipulusve)
479 1318 550 1371 omui
565 1319 666 1382 studim
682 1318 795 1389 quisque
809 1317 934 1370 aedificet
948 1317 999 1378 sic,

260 1404 301 1455 Ae
315 1399 338 1453 si
351 1399 518 1468 temporibus
532 1415 581 1467 pro
596 1399 715 1451 aeternis
729 1399 781 1452 hoe
796 1414 863 1468 opus
879 1403 960 1449 esset.

261 1479 322 1533 Sina
334 1478 439 1547 lapides
454 1477 528 1530 eaesi
542 1479 611 1531 bene
626 1480 743 1548 calxque
756 1475 871 1548 parata!
880 1515 967 1534 ......

187 1625 189 1632 Ι
262 1557 359 1629 Magni
374 1558 469 1627 opifex
482 1557 574 1610 mundi
588 1574 642 1610 non
656 1557 717 1610 vult
731 1557 884 1627 operarium
898 1555 1029 1625 ineptum.

171 1639 198 1694 4.
214 1639 240 1693 5.
260 1638 312 1691 Esl
326 1638 414 1700 loeus,
429 1637 457 1690 in
472 1653 523 1706 quo
539 1636 597 1707 quis
611 1641 774 1699 remoratum
789 1635 894 1706 gallica
907 1635 1006 1708 lingua

261 1718 321 1771 Hoe
334 1733 432 1770 nemen
446 1715 520 1770 dedit
533 1715 574 1768 illi
582 1754 671 1771 ......

157 1794 195 1856 a).
206 1794 243 1856 (⁸1.
258 1797 345 1852 Firme
361 1795 456 1849 clausa
471 1802 515 1849 eal
527 1800 617 1866 porta.
639 1793 711 1848 Hine
725 1801 756 1848 tu
770 1793 889 1860 diseede,
904 1793 1031 1866 profane!
