2548 3572
155 153 197 225 76
487 169 517 218 11.
528 167 681 246 Aenigmata
693 167 823 230 syllabica.

624 318 688 374 111.

171 421 197 475 l.
213 419 241 473 2.
260 419 312 473 Est
325 419 411 474 hostis
425 421 614 482 tenebrarum:
629 423 714 476 doneo
728 435 778 474 eae
793 421 979 492 dominantur,
1075 479 1077 486 ,
1130 439 1138 488 ’.

260 499 322 553 Non
336 505 465 570 apparet,
481 501 529 554 sed
542 502 618 556 venit
631 500 718 564 illico,
734 503 840 572 quondo
855 502 994 556 recedunt.

211 578 239 634 3.
258 579 356 651 Elige,
372 586 481 644 cantor,
497 580 612 646 laetum,
628 587 771 644 moestum,
787 585 1003 651 namque'potta

261 659 352 716 servit
365 659 477 714 cuilibet
487 698 562 714 .....
1037 655 1039 658 ’

155 733 244 797 ΜΞ.
262 737 391 810 „Evigilo
404 756 466 794 mea
479 739 586 793 mons!“
604 757 671 794 cuns
679 780 755 795 .....
831 769 847 800 .

626 969 690 1024 112.

213 1084 240 1137 1.
259 1081 377 1136 Difficile
391 1083 526 1138 interdum
540 1090 584 1138 est
597 1083 674 1146 milri,
691 1101 758 1138 onus
772 1085 892 1137 tolerare
906 1080 968 1137 diei.

262 1160 358 1218 Omnia
371 1166 535 1234 pertaedeat
548 1181 604 1225 me;
620 1164 694 1218 seria
708 1168 771 1216 sunt
785 1162 887 1217 odiosa.
981 1207 983 1212 .

262 1243 388 1305 Gaudeo,
403 1245 510 1313 quando
525 1247 621 1312 optata
635 1246 670 1298 ad
683 1244 784 1296 lassum
799 1258 917 1312 vespera
929 1240 1020 1304 venit,

260 1325 352 1393 Atque
367 1324 498 1376 adventus
513 1321 643 1376 convivae
659 1323 727 1377 laeti
742 1321 883 1376 exhilarat
895 1338 938 1374 mo

262 1401 376 1465 Tooum,
392 1418 470 1471 quem
482 1401 566 1455 filium
581 1407 710 1472 argutum
724 1400 828 1472 ingenii
841 1405 923 1454 vocat
937 1397 1021 1454 omnis

261 1480 377 1544 Ridens,
393 1480 470 1550 cujus
484 1481 598 1535 fratrom
613 1482 742 1536 insulsum
758 1481 872 1552 quilibet
886 1479 950 1535 odit.

171 1559 198 1613 2.
213 1559 241 1614 3.
262 1561 298 1623 0,
313 1559 335 1612 si
350 1560 459 1614 molesti
472 1561 586 1631 pedibus
602 1562 726 1632 quiddam
740 1561 819 1614 daret
832 1561 892 1616 alas

262 1639 400 1708 Hospitis!
416 1641 520 1693 avolet!
536 1647 624 1703 nitu,
640 1657 681 1693 me
696 1641 839 1709 aperiente
853 1641 1009 1693 fenestram.

157 1715 197 1777 Φ.
206 1715 243 1777 Θ.
259 1717 387 1781 Omnino.
401 1720 516 1772 multum
530 1720 605 1772 laeto
619 1720 701 1772 risum
715 1718 821 1772 excitat
833 1719 918 1780 omni;

263 1798 341 1853 Omni
355 1799 428 1852 tristi
442 1805 486 1852 est
500 1799 693 1861 intolerabilis,
709 1798 888 1869 aufugiatque

261 1867 403 1933 Mordao'es
418 1878 518 1932 satiras
533 1878 636 1944 dicens,
652 1895 714 1932 nam
728 1878 816 1932 laodit
830 1878 938 1931 amieos.

559 2073 562 2088 1
627 2121 691 2176 113.

175 2238 200 2292 1.
215 2236 241 2292 2.
262 2236 365 2289 Verum
379 2243 435 2299 est,
451 2254 505 2290 non
520 2255 610 2290 sumus
625 2237 690 2307 ipsi,
706 2239 753 2291 sed
767 2235 867 2292 similes
882 2252 973 2292 sumus
987 2234 1062 2306 ipsis.

173 2315 199 2371 3.
213 2316 241 2372 4.
260 2316 388 2370 Nummos
403 2316 529 2386 antiquos
545 2317 657 2370 nummis
671 2315 826 2370 notioribus
841 2319 906 2368 ante

265 2395 317 2458 Qui
330 2394 421 2465 ponit;
437 2396 482 2464 qui
494 2395 595 2464 pluris,
611 2411 692 2465 quarn
706 2411 829 2464 cuprum,
845 2394 973 2450 aestimat
987 2411 1096 2458 aurum;

174 2481 178 2486 '
265 2474 317 2537 Qui
330 2475 434 2528 mavult
448 2474 557 2527 haurire
571 2493 608 2528 ex
622 2474 696 2544 puris
710 2474 844 2537 fontibus,
860 2481 889 2528 et
903 2474 948 2545 qui

263 2553 414 2609 Historiam
428 2553 538 2623 cupidus
553 2553 672 2608 discendi
684 2560 729 2607 est
742 2553 872 2623 temporis
885 2553 959 2622 ejus,

178 2688 180 2697 ,
265 2635 324 2697 Quo
338 2633 408 2688 vixit
422 2649 509 2704 genus
524 2632 551 2685 id
563 2633 633 2688 felix
646 2633 674 2688 in
687 2632 792 2703 origine
806 2633 910 2695 mundi,

263 2714 331 2768 Mox
344 2717 524 2784 depravatum
539 2710 603 2778 (fuit
616 2711 676 2780 ejus
690 2712 801 2782 propria
815 2708 921 2782 oulpals

238 2795 244 2804 ’
266 2792 318 2854 Qui
326 2792 423 2864 vsssoagmi
436 2792 565 2850 aestimat
577 2791 730 2848 afflatorum
745 2791 864 2846 earmina
877 2799 982 2852 ratum,

263 2877 356 2942 Atque
369 2874 488 2928 virorum
501 2889 568 2928 vera
580 2872 707 2926 docentia
720 2871 795 2927 diota
807 2873 983 2942 prudentum,

264 2951 361 3022 Eligat
373 2951 418 3005 hio
431 2970 473 3006 mo
487 2954 638 3006 doctorem.
651 2991 657 3006 .
668 2993 674 3006 .
687 2991 692 3006 .

161 3027 200 3090 Φ.
209 3023 246 3090 Θ.
261 3031 300 3092 Et
312 3030 411 3100 quibus
424 3031 521 3106 ignota
533 3039 578 3088 est
591 3030 697 3086 omnino
711 3031 792 3086 litera
805 3028 930 3100 quaeris,

264 3112 384 3165 Possunt
396 3126 438 3162 me
452 3111 548 3181 legere
558 3146 636 3166 .....
