2534 3576
444 219 463 265 1.
475 219 629 281 Aenigmata
639 220 769 278 syllabica.

165 371 192 424 3.
212 372 311 425 Formo
323 374 442 426 rotunda
455 379 585 436 monost,
601 374 649 425 sed
663 374 750 443 pictor
764 373 889 433 o'cumins
901 380 1034 450 pingit..

103 448 196 510 ῶΘ.
217 452 270 515 „0‚
286 451 352 505 mihi
367 453 493 506 clarus
471 471 494 506 si
507 453 659 524 prodiretl¹⁴
675 482 715 495 -
728 455 766 508 sic
779 456 852 526 petlt
864 474 961 529 aeger

213 531 271 585 Nec
286 549 340 585 non
354 532 510 602 relligiosus
520 573 599 589 .....

586 719 632 774 56.

169 821 195 872 1.
215 819 261 872 Me
275 819 368 890 gignit
380 839 453 875 nuno
466 823 579 888 semino,
594 841 666 876 nuno
679 840 773 878 monus
788 824 908 881 artificis.
931 827 996 882 Sum

218 899 321 952 Curvus
336 903 437 965 curris,
451 910 542 956 rectus
556 903 651 966 rectis,
660 899 740 957 ¹latus
755 906 863 976 opimis,

216 977 275 1031 Neo
288 997 343 1032 non
356 988 489 1052 augustus
504 983 601 1036 macris
616 989 646 1036 et
659 983 771 1037 cuilibet
785 993 879 1056 optus;

218 1058 344 1112 Clondico
359 1078 419 1114 cum
432 1062 547 1125 claudis,
563 1069 593 1115 et
605 1065 770 1117 transversis
783 1066 897 1135 pedibus
912 1067 958 1136 qui

217 1140 361 1204 Ambulot,
375 1141 452 1194 illum
466 1148 495 1194 et
508 1159 616 1212 semper
629 1148 801 1197 transversus
817 1145 941 1210 comitor,
956 1163 1018 1201 nom

219 1219 348 1272 Omnibus
364 1221 454 1274 omnio
467 1239 541 1275 sum.
571 1263 576 1275 .
589 1261 609 1275 ..

169 1297 196 1353 2.
220 1298 364 1369 Conjuogo
379 1299 504 1369 sejuncto
518 1318 571 1371 ego
585 1302 710 1366 firmiter,
725 1303 812 1358 instcr
825 1306 932 1360 amoris.

111 1374 152 1436 lb.
163 1373 200 1436 Θ.
217 1379 316 1431 Amisit
330 1380 435 1434 scitans
450 1382 513 1434 olim
526 1398 568 1434 me
582 1382 661 1452 regio
673 1382 764 1454 virgo,

219 1457 258 1511 Et
270 1457 378 1528 signum
391 1461 493 1514 luctum
507 1478 566 1514 sum
581 1461 663 1530 (quod
678 1463 736 1533 quis
751 1460 867 1530 nesciit)
882 1464 1002 1538 honoris.

589 1651 635 1704 57.

151 1759 177 1810 1.
189 1757 217 1810 2.
241 1758 263 1810 0
277 1772 339 1819 vos,
355 1771 422 1825 quos
436 1762 515 1809 votes
530 1757 633 1832 frustra
647 1756 804 1826 saepissime
818 1759 926 1820 odorat,

128 1901 133 1912 x
240 1835 269 1889 Si
283 1852 331 1888 ros
345 1836 385 1888 illi
399 1853 454 1888 non
463 1836 637 1901 succurritis,
653 1843 697 1890 est
710 1853 794 1907 opero
808 1836 891 1890 omnis

240 1915 420 1969 Perdita....

56 2043 59 2050 .
114 1996 143 2050 3.
154 1996 180 2051 4.
190 1995 217 2049 5.
240 1997 345 2049 Nomen
359 1996 518 2058 barborum,
534 2001 633 2057 otest,
649 1997 719 2066 qnod
733 1994 838 2064 signat,
854 1993 967 2048 cuilibet
981 1993 1054 2048 inter

240 2076 296 2129 Nos
309 2076 380 2128 bene
394 2080 496 2130 notum.
517 2075 587 2129 Nom
601 2073 660 2145 quis
675 2073 769 2144 quovis
783 2091 841 2127 non
851 2073 916 2128 emit
929 2091 1001 2129 anno

241 2155 321 2207 Hunc
335 2155 452 2207 librum?

128 2231 169 2294 Θ.
183 2228 220 2292 Θ.
242 2235 313 2288 Ecce
327 2237 468 2305 poemate*
484 2233 555 2288 Sunt
568 2235 654 2295 bono
670 2239 734 2286 suut
723 2234 821 2286 tmala
852 2233 993 2287 Praeterit
1005 2248 1105 2296 onnus,

241 2315 280 2367 Et
292 2329 433 2382 uoranm
446 2313 564 2386 gignunt
565 2331 605 2368 ur.
626 2313 709 2376 Nom,
725 2326 806 2403 quom
819 2312 915 2366 fertilis
931 2311 1015 2367 omnis

242 2395 307 2457 Est,
323 2393 368 2465 qui
382 2409 503 2448 carmina
515 2392 607 2464 fingrt'

592 2569 639 2626 58.

176 2676 202 2730 1.
223 2674 294 2728 Huic
306 2691 393 2745 regno
407 2675 561 2728 dominatur
574 2675 689 2728 collidus
703 2675 750 2730 illc
765 2673 878 2742 Cupido.

226 2755 325 2808 Omnes
340 2755 414 2808 solus
428 2754 524 2817 vincit,
540 2772 595 2807 non
608 2755 655 2808 ille
669 2755 775 2824 indiget
788 2753 846 2806 ullo

224 2834 328 2888 Milite.
340 2873 346 2888 .
358 2876 364 2887 .
376 2874 383 2889 .

133 2914 160 2968 2.
176 2913 203 2968 3.
224 2915 295 2967 Huic
307 2914 438 2985 regnanti
452 2931 520 2984 opus
535 2920 579 2967 est
591 2919 684 2968 autern
697 2917 803 2964 armato
817 2909 927 2981 agmine
940 2925 1057 2980 magno,

226 2987 328 3047 Si'rult
340 2993 482 3048 vincere
493 3032 500 3046 .
511 3033 518 3046 .
529 3033 535 3046 .

121 3071 161 3133 Θ.
169 3067 208 3131 Θ.
223 3073 302 3127 Nunc
315 3074 410 3138 vincit,
425 3089 498 3127 nunc
509 3073 640 3138 vincitur,
654 3078 687 3126 ut
698 3070 831 3126 mutabile
845 3070 933 3126 istum

225 3152 332 3208 Fertin
344 3154 407 3208 ludo
417 3191 494 3210 .....
1009 3149 1011 3157 ”
