2534 3576
171 201 217 270 66
505 215 535 264 ll.
546 203 700 280 decimata
710 171 839 278 sinentes.
893 219 896 232 ⁴

649 370 693 424 74.

228 467 254 520 1.
275 468 337 521 Huc
351 467 507 538 demigrant
520 484 612 520 omnes
627 467 654 520 in
668 468 787 538 patriam
800 470 956 526 redeuntes.
1049 501 1054 508 ·

226 547 253 600 2.
274 549 334 600 Vae
349 546 412 611 tibi,
427 547 451 600 si
465 546 565 609 sentis,
581 547 625 600 rel
638 547 662 600 si
675 553 754 604 vates
767 549 917 606 minitatur.

170 623 210 685 Φ.
221 622 258 685 Θ.
272 628 353 682 Hunc
367 628 489 680 morbum
503 625 594 680 nullus
608 627 726 680 medicus
741 628 812 686 bene
827 629 878 682 scit
891 629 1029 696 relevare,
1124 681 1127 688 .

274 707 397 776 Suntque
411 707 497 758 Lares
512 705 564 758 soli
578 713 661 775 atque
674 706 807 771 Penates,
823 709 868 777 qui
882 709 1061 768 auxiliantur.

645 881 690 936 75.

238 984 263 1037 1.
283 983 312 1037 Si
325 983 425 1034 bonum
439 978 553 1032 amicum
567 985 632 1048 opto
647 979 724 1044 milri,
739 997 819 1050 quem
833 982 926 1051 quovis
940 997 995 1054 ego
1009 995 1120 1054 possum

286 1064 419 1130 Tempore
433 1059 536 1122 risere,
552 1059 598 1128 qui
612 1059 682 1112 risus
697 1059 762 1114 mihi
776 1062 909 1124 concitat,
925 1066 1008 1130 atque

283 1143 391 1197 Mecum
403 1140 508 1210 plorat,
524 1155 595 1191 nunc
609 1139 695 1201 sales,
711 1155 782 1192 nunc
796 1140 868 1193 aeria
881 1141 958 1203 dicit.

284 1221 330 1277 Me
344 1222 425 1273 docet
437 1228 466 1272 et
480 1220 585 1272 sincere
598 1218 705 1287 profert
719 1218 821 1282 omnia,
837 1235 907 1289 quae
922 1220 984 1282 scit,

281 1303 321 1356 Et
335 1301 380 1372 qui
393 1305 541 1370 praeterea
554 1323 594 1334 —-·
607 1298 678 1350 tales
693 1313 756 1351 raro
770 1298 994 1353 inveniuntur-

284 1379 454 1450 colloquitur
467 1393 571 1430 mecum
585 1377 680 1447 quavis
694 1378 803 1448 lingua,
818 1379 930 1448 placeat
942 1395 1013 1432 nunc

281 1462 371 1523 Haec,
386 1459 500 1528 placeat
513 1473 583 1509 nunc
596 1456 646 1510 illa
659 1456 736 1511 mihi:
751 1459 823 1511 hunc
837 1475 891 1529 ego
905 1459 929 1513 si
943 1460 1005 1512 volo
1020 1458 1149 1524 amicum,

279 1539 362 1610 Elige
377 1545 405 1590 te
415 1576 488 1591 .....

163 1620 258 1678 2.3.4.
279 1620 308 1674 si
323 1624 353 1671 tu
367 1634 421 1671 non
434 1623 557 1687 premere
572 1623 654 1686 atque
668 1617 755 1685 premi
768 1616 822 1679 vis,
838 1618 955 1689 effugias
969 1618 1044 1672 hinc!

162 1697 202 1759 Φ.
218 1695 255 1758 Θ.
276 1705 364 1756 Aetas
379 1713 464 1751 aurea
477 1711 559 1766 quum
573 1694 676 1756 iuerat,
692 1702 723 1748 tu
738 1699 860 1766 tempore
874 1695 966 1752 lausto

278 1779 403 1835 Nondum
416 1778 522 1831 aderas.
543 1773 615 1827 Illud
629 1774 697 1827 felix
712 1791 801 1845 genus
816 1781 900 1846 atque
915 1777 1037 1840 beatum,

278 1860 307 1914 Si
320 1867 348 1913 te
363 1875 418 1911 non
432 1854 577 1917 caruisset,
592 1853 682 1906 multo¹
692 1853 796 1908 doctius
810 1855 895 1909 etiam

278 1941 353 1994 Tunc
366 1936 425 1991 lieri
437 1933 586 2006 potuisset,
602 1939 781 2004 auctoresque
796 1933 912 1989 fuissent

277 2020 387 2082 Plures,
403 2018 572 2085 lectoresque
587 2011 703 2066 fuissent
715 2013 832 2084 undique
846 2015 953 2084 plures,

275 2099 401 2170 Denique
414 2098 508 2166 plures
522 2095 642 2156 illorum,
657 2093 702 2162 qui
717 2093 821 2164 scripta
833 2101 987 2151 recensent.

276 2183 363 2234 Aetas
378 2193 464 2230 aurea
477 2179 538 2228 erat
551 2174 608 2227 sine
622 2179 652 2226 te
666 2173 828 2228 miserabilis
843 2181 930 2230 aetas.

634 2343 679 2400 76.

160 2450 186 2506 1.
199 2449 261 2506 23.
285 2449 307 2503 0
321 2447 450 2502 miserae!
465 2462 513 2500 ros
527 2444 698 2500 insectantur
711 2441 802 2496 tristia
815 2439 882 2496 lata.

238 2571 242 2580 .
283 2526 365 2597 (Sunt
377 2525 454 2580 robis
469 2525 602 2578 interdum
616 2523 736 2578 homiues
751 2520 865 2585 similes,
880 2523 950 2576 bene
965 2521 1054 2596 digni,

284 2608 336 2671 Qui
349 2601 548 2669 observentur).
570 2602 731 2658 Detrahitur
745 2599 813 2654 cutis
829 2607 870 2664 et,
886 2603 956 2672 quod
970 2601 1090 2674 iniquum
1104 2611 1160 2670 est,

282 2689 317 2744 vi
331 2701 433 2759 magna
446 2682 608 2753 exprimitur
621 2680 733 2753 sanguis
748 2680 893 2734 crudeliter
908 2681 1005 2748 omnis,

282 2766 471 2838 Abjiciturque
484 2765 614 2828 cadauer,
629 2762 726 2818 inutile
740 2761 844 2834 pondus
853 2796 860 2812 .
870 2799 877 2814 .
887 2800 909 2816 ..
1121 2779 1126 2808 ι

234 2847 262 2903 4.
281 2849 355 2901 Uvas
369 2863 423 2912 non
435 2846 588 2915 producunt
601 2843 709 2914 apinam
725 2840 838 2894 carduus
854 2840 911 2894 edit

281 2927 425 2996 Nunquam
437 2927 511 2980 licor.
531 2923 618 2990 Scito,
634 2940 677 2978 me
691 2936 854 2992 cognoscere
869 2922 952 2976 debes

280 3007 327 3061 Ex
339 3005 455 3074 pomis..
465 3041 488 3060 .-

164 3083 205 3147 D·
218 3079 256 3146 Θ.
279 3085 411 3148 Quidnam
425 3083 461 3138 sit
474 3088 579 3138 totum?
593 3087 637 3135 est
648 3088 731 3152 pater
744 3082 880 3138 infantiam
892 3081 1063 3148 mucronum.

281 3166 355 3230 Ques
369 3175 454 3232 supra
466 3162 655 3232 descripsimus
664 3200 737 3218 .....
