2534 3576
443 235 465 282 Ι.
474 235 628 300 Aenigmata
638 239 767 298 syllabica

116 390 145 446 3.
159 389 187 448 4.
206 392 251 446 En
263 393 370 461 pr'olem
383 393 490 448 tristem
504 413 564 458 nos,
580 397 702 451 solamen
715 398 883 453 miserorum!

206 473 260 525 Est
273 471 353 526 bomo
369 475 456 539 solus,
471 475 515 544 qni
530 493 579 530 nos
593 477 698 548 gignit,
712 477 803 532 bestia
816 494 966 549 nunqnam

206 552 336 621 Excepta
348 559 392 607 est
405 555 466 608 fera
478 555 571 620 unica,
587 555 610 608 si
623 559 700 611 modo
715 557 811 611 fabula
823 575 889 612 vera
903 561 955 612 est.

103 625 141 687 ἦ).
153 626 191 690 Θ.
206 632 318 687 Sursum
331 635 474 688 mortales!
489 634 544 688 illic
557 637 682 706 perfecta
695 638 799 706 priora;

208 712 259 766 His
274 729 328 765 non
343 715 489 768 cessabunt
502 713 530 769 in
544 716 624 770 terris
637 717 802 786 posteriora!

577 911 624 965 40.

118 1007 144 1061 1.
160 1007 187 1076 2.
210 1009 315 1064 Utimur
327 1010 370 1064 bis
384 1011 478 1076 armis,
493 1012 539 1082 qui
551 1029 647 1083 pacem
659 1015 794 1085 poscimus
808 1035 914 1083 omnes,

209 1089 373 1160 Praecipue,
388 1091 424 1154 si,
439 1092 552 1147 festivas
566 1095 663 1164 epulas
678 1097 861 1159 celebrantes,

209 1168 266 1222 Nos
280 1169 388 1224 socialis
401 1188 477 1226 amor
490 1172 645 1244 conjungit:
660 1175 770 1228 laedere
783 1177 896 1230 amicum

209 1248 295 1303 Nemo
308 1251 383 1303 vult.
392 1289 399 1304 .
409 1291 431 1304 ..

119 1325 146 1380 3.
159 1326 187 1381 4.
208 1328 249 1382 Ne
263 1330 330 1382 lidas
344 1329 420 1394 mihi,
435 1347 591 1402 pungam.

107 1402 145 1463 a.
157 1404 196 1467 Θ.
213 1408 297 1472 „ires
310 1409 425 1478 plenas“
440 1411 536 1466 medici
550 1413 646 1468 crebro
658 1413 844 1483 praescribere
858 1422 996 1472 suescunt.

576 1635 623 1690 41.

161 1737 186 1792 1.
208 1738 339 1809 Tempore
353 1741 442 1812 prisco
457 1741 660 1812 disceptabant,
676 1761 713 1797 an
726 1743 815 1798 licitus
831 1743 897 1799 siml

208 1818 382 1874 Rixabantur
395 1822 498 1874 frustra
512 1823 544 1874 de
558 1823 678 1893 lanaque
692 1823 817 1892 caprina:

211 1898 263 1960 Qui
275 1917 330 1954 ncn
343 1905 422 1954 curat
436 1902 505 1972 quod
517 1902 656 1956 laudabile
672 1904 795 1973 quodque
809 1903 907 1956 decens
921 1909 977 1967 est,

209 1979 263 2031 Vel
277 1985 344 2042 stet,
359 1981 403 2032 rel
417 1983 525 2044 sedeat,
540 1981 585 2034 rel
599 1988 703 2044 currat,
719 1988 818 2052 peccat
831 1982 940 2052 ubique.

160 2056 197 2132 2.Ι
209 2058 351 2130 Unguibus
365 2065 498 2124 armatus,
513 2061 640 2124 villosus,
655 2059 720 2116 tru'x
732 2061 911 2132 rapidusque,

208 2138 345 2202 Informis,
360 2155 471 2201 saevus,
487 2139 616 2192 terribilis
630 2147 712 2211 atque
726 2157 814 2194 vorax
829 2159 896 2196 sum.

108 2211 146 2272 Θ.
158 2209 195 2274 Θ.
208 2217 293 2270 Nemo
308 2219 376 2271 adeo
390 2218 463 2272 ferus
478 2225 534 2282 est,
550 2218 594 2289 qni
609 2237 662 2273 non
676 2220 817 2274 mitescere
831 2220 931 2291 possit.

210 2296 238 2350 Si
250 2299 328 2351 modo
342 2299 465 2351 culturae
479 2298 627 2384 patientem
642 2301 790 2354 commodet
804 2317 905 2355 aurem.
966 2355 969 2366 ,

208 2376 305 2430 Nonne
318 2378 390 2432 hnnc
405 2378 535 2432 artificem
547 2383 647 2431 testem
660 2395 812 2448 proponere
826 2381 869 2434 fas
884 2385 944 2435 est?

580 2597 628 2651 42.

113 2695 137 2748 1.
147 2693 172 2748 2.
183 2693 210 2748 3.
230 2695 351 2748 Parvula
365 2714 424 2749 cum
438 2697 516 2750 sociis
530 2725 563 2734 -
576 2714 639 2751 nam
653 2699 747 2768 magni
761 2705 804 2752 est
818 2713 940 2768 quaeque
955 2695 1057 2751 laboris
1067 2721 1108 2778 —l

231 2775 285 2829 Orc
299 2774 384 2829 trahit
398 2777 574 2847 quodcunque
589 2783 682 2846 potest
696 2783 779 2847 atque
793 2777 868 2830 addit
881 2791 991 2840 acervo,
1090 2805 1093 2814 ,

231 2854 316 2916 Quem
330 2855 422 2919 struit,
436 2855 511 2909 haud
524 2856 624 2926 ignara
637 2873 671 2910 ac
684 2873 738 2911 non
752 2855 862 2909 incanta
875 2855 968 2910 futuri.

142 2931 167 2987 4.
183 2931 209 2988 5.
230 2935 351 2988 Verbum
364 2935 416 2988 boc
430 2952 484 2988 non
496 2951 624 3004 paucum,
639 2953 690 2989 nec
703 2951 805 3005 pancos
819 2935 921 2990 indicat
934 2951 1067 3008 unquam
1120 2987 1123 2998 ,

127 3044 134 3066 t
230 3012 315 3082 Copia
328 3013 532 3084 tontumdigna
545 3015 708 3070 estnomine
717 3053 787 3070 .....

126 3087 160 3148 a.
171 3085 207 3149 Θ.
229 3092 328 3146 'lotum
340 3099 474 3156 noenum,
488 3093 515 3146 vi
528 3094 588 3165 quis
601 3096 729 3148 mundum
743 3094 850 3164 cogitat
862 3111 980 3161 omnem,
1086 3111 1091 3122 ’

228 3172 330 3227 Terrae
344 3179 456 3227 nostrae
470 3173 541 3226 omni
550 3172 788 3242 jureappellatur
800 3173 901 3244 imago.
