2534 3576
459 184 479 232 1.
489 183 643 246 Aenigmata
653 185 784 245 syllabica.

126 336 160 391 2.
176 337 206 391 3.
229 336 327 390 Nonne
342 335 431 390 auimo
445 341 496 390 tua
510 343 609 390 cuncta
621 337 752 408 negotia?
766 338 861 408 Dilige
875 356 983 410 semper

225 417 280 471 Me.
304 415 432 470 Confusio
446 416 537 485 perdit
552 423 581 468 et
594 415 705 485 impedit
720 417 810 471 omnia
824 424 931 488 coepta,

109 490 207 554 516.
225 496 306 550 Stant
320 495 444 566 legiones
458 495 515 558 hio,
530 496 603 549 ferro
617 495 751 565 mortique
765 504 889 566 paratae.

225 577 287 629 Jam
301 575 362 628 litui
376 575 442 629 olari
456 592 601 629 concursus
616 575 696 646 signa
710 578 852 632 dederunt.

596 773 643 830 63.

173 875 203 930 1.
224 874 325 944 Ajunt:
341 879 384 928 est
397 875 534 945 proprium
548 891 615 929 auro
630 876 753 946 dignum,
769 877 904 930 dimidium
918 894 995 932 orcus

223 955 356 1009 Dimidios
366 993 438 1010 .....

171 1035 201 1088 2.
224 1034 268 1089 Sie
282 1035 392 1104 sapiens
405 1034 446 1087 vir
460 1051 543 1104 saepe
557 1040 671 1088 vocatur
683 1035 710 1088 vi
723 1035 813 1100 tituli,
829 1053 908 1107 quem

223 1115 294 1168 Prae
309 1133 339 1168 se
353 1115 414 1167 lert¹
437 1114 551 1168 Mirare:
568 1114 703 1169 interdum
716 1131 759 1168 me
773 1117 838 1169 dare
853 1117 950 1170 nescit.

111 1191 153 1252 Sl).
166 1189 206 1252 Θ.
223 1193 331 1248 Natura
345 1199 388 1246 est
402 1191 481 1247 curtd
496 1200 625 1248 contenta
634 1232 713 1250 .....

593 1387 639 1440 64.
712 1398 714 1408 ·

176 1490 201 1545 1.
225 1489 347 1552 Quilibet
361 1488 467 1560 indiget
479 1491 546 1552 hoo;
560 1496 605 1544 ast
617 1492 746 1560 permulti
759 1492 836 1546 nimis
849 1493 892 1546 uti

222 1569 274 1660 Illo
288 1570 411 1624 consueti
425 1576 501 1624 sunt:
516 1571 579 1622 hinc
592 1570 710 1641 pingues
724 1572 878 1643 stupidique
946 1619 950 1630 ,

171 1729 199 1782 2.
220 1649 461 1798 {md-immet
474 1729 539 1791 hoc;
554 1737 599 1784 ast
610 1730 739 1800 permulti
753 1731 830 1784 nimis
844 1731 886 1784 uti

220 1809 272 1863 Illo
286 1808 410 1862 consueti
424 1813 500 1862 sunt:
515 1809 577 1864 hinc
591 1811 659 1864 fiunt
672 1809 832 1866 titubantes.

109 1887 152 1948 Sl).
165 1883 203 1946 Θ.
219 1889 357 1942 Interdum
371 1889 464 1951 datur,
478 1895 511 1940 ut
524 1895 663 1959 nequeant
677 1891 779 1944 sentire
793 1892 922 1944 dolorem.

591 2083 638 2138 65.

173 2185 198 2238 1.
221 2185 309 2246 Quam
321 2185 407 2248 bene,
422 2187 497 2238 care!
512 2189 592 2255 potes
607 2199 661 2248 me,
678 2185 700 2238 si
714 2184 903 2254 proficisceris,
917 2183 959 2239 uti

218 2267 276 2318 Aut
291 2264 401 2328 comite,
418 2270 480 2327 aut,
496 2265 520 2317 si
533 2270 565 2316 tu
578 2265 667 2317 lassus
681 2265 851 2336 requiescere
866 2266 958 2319 debes.

168 2342 198 2398 3.
218 2343 272 2398 Est
285 2360 413 2396 numerus
427 2341 561 2407 nostrum,
576 2350 608 2397 ut
622 2344 777 2408 stellarum,
793 2345 863 2398 siout
876 2362 991 2408 arenae,

217 2423 439 2488 Innumerabilis,
454 2429 496 2488 et,
512 2423 570 2492 quis
585 2424 647 2488 sim¹
662 2441 716 2478 non
729 2425 820 2478 dicere
833 2435 956 2495 possum,

218 2504 288 2558 Nam
302 2519 382 2556 careo
396 2502 496 2574 lingua
504 2541 599 2557 ......

111 2579 153 2640 m.
164 2577 203 2640 (85,
218 2583 274 2646 Eu,
288 2599 369 2636 careo
386 2582 491 2651 capite,
507 2599 543 2636 cx
557 2599 610 2652 quo
623 2583 740 2654 migravi
752 2603 768 2639 e
781 2585 880 2656 patria.
902 2584 956 2638 Sed

217 2662 313 2716 Dicas:
329 2679 419 2715 nonne
432 2661 498 2716 mihi
511 2661 611 2718 similes
624 2663 716 2729 multi,
731 2665 864 2720 facientes

217 2742 342 2813 Longum
356 2742 428 2796 iter?

590 2939 636 2994 66.

128 3035 156 3094 1.
167 3037 194 3092 2.
216 3021 289 3093 Num
302 3039 435 3111 stomachi
447 3039 536 3096 vestri
546 3059 619 3098 nuuc
632 3043 754 3102 latranti
767 3041 834 3098 Sitis
848 3044 967 3114 alacres,
989 3047 991 3050 ’

217 3119 280 3173 Jam
294 3119 501 3178 lumantl..·..
567 3157 580 3192 ι,
