2534 3576
444 230 465 282 L
475 229 631 322 Λοξίεω·
640 230 786 280 nominalis.

580 383 645 440 155.

105 489 229 542 Exoslso
243 487 503 543 volusio-versatur
516 487 544 542 in
556 492 784 560 sbroquaedam,

147 568 220 622 Huio
234 568 328 622 similis
343 585 414 638 quoe
429 567 479 633 sit,
494 569 572 622 nullo
586 571 637 623 sub
652 571 717 623 orbo
732 571 818 642 viget.

107 649 140 702 In
152 647 249 702 mediis
262 648 347 718 hujus
360 653 444 702 notae
458 655 523 702 sunt
537 649 646 720 ignibus
661 650 737 714 ulae,

148 729 220 782 Orto
234 733 278 781 est
290 747 306 781 ο
319 727 445 791 flammis,
460 729 575 782 aethera
589 729 685 783 deindo
699 729 781 786 subit.

106 807 247 877 Septenos
260 813 341 862 vosto
354 808 519 878 degluberet
532 824 579 862 ore
588 807 737 878 juvencos,

148 888 229 940 Hono
243 886 267 941 si
280 886 432 957 sorriporet
444 903 499 944 uon
512 888 639 942 satianda
651 889 747 944 fames.

542 1123 554 1150 ο
583 1087 647 1143 156.

19 1247 20 1250 ,
107 1194 189 1249 Pelle
203 1209 301 1247 carons
315 1209 425 1257 nnsoor,
439 1211 495 1248 non
509 1195 602 1259 sudio,
619 1196 666 1248 sod
680 1200 773 1249 tomen
787 1193 846 1266 ipso
909 1191 912 1198 ’

19 1273 20 1282 ’
149 1273 266 1337 Audior,
281 1272 356 1328 houd
369 1274 463 1344 culpo,
482 1276 529 1328 sed
543 1275 614 1329 mole
628 1276 724 1345 oulpor
737 1291 800 1346 ogo.

585 1475 649 1532 157.

19 1573 20 1638 ζ
112 1579 225 1649 Optima
240 1593 311 1649 quos
325 1577 362 1631 sit
374 1592 440 1631 avos
454 1577 538 1642 iuter,
554 1577 619 1632 mihi
632 1595 734 1649 quaeso
748 1595 873 1646 reoense,

19 1661 20 1668 ’
151 1659 199 1712 Ex
212 1674 268 1728 qua
281 1659 329 1710 sed
341 1658 410 1712 finnt
423 1657 529 1712 feronio
542 1658 621 1717 nullo
633 1659 693 1713 tibi.

112 1739 177 1793 Non
189 1745 295 1792 torrere
309 1752 376 1791 vom
388 1738 506 1807 poteris,
520 1744 553 1791 ut
567 1745 690 1804 coetero,
706 1740 741 1792 ud
755 1738 860 1809 ignem,

150 1819 216 1912 pion
231 1817 284 1871 erit
297 1817 375 1870 olixts'
385 1814 460 1881 hino,
475 1835 526 1870 neo
540 1835 604 1872 soro
618 1817 692 1874 frixo
706 1817 764 1874 tibi.

587 2037 651 2093 158.

115 2141 280 2193 Abstrusum
294 2145 338 2194 est
351 2140 467 2211 aliquid,
482 2141 569 2194 coecis
582 2139 731 2210 latitatque
745 2139 882 2204 cavernis,
941 2159 942 2162 ¹

156 2218 244 2284 vivit,
259 2225 290 2273 ut
304 2220 332 2273 in
345 2227 424 2275 ussto
438 2221 529 2274 bestia
543 2235 627 2274 sueva
641 2236 732 2289 specu.

116 2299 163 2354 Ex
176 2299 258 2353 Porio
271 2299 391 2354 validum
404 2301 550 2361 circumdat
563 2315 694 2354 marmore
708 2305 829 2370 septum,

156 2379 281 2435 Munitus
294 2381 375 2435 vullis
390 2380 595 2452 aggeribusque
610 2381 694 2432 locus.

117 2459 270 2532 Egreditur
282 2477 433 2532 nunquam,
448 2478 499 2513 neo
513 2460 595 2520 limen
608 2458 717 2530 prosilit
732 2465 827 2522 extro;

159 2540 219 2601 Quo
233 2538 320 2594 minus
333 2541 385 2594 hoc
398 2541 500 2610 possit,
514 2539 622 2593 viuculo
635 2541 713 2592 firma
725 2544 830 2595 vetant.

119 2622 180 2674 Hoo
193 2618 296 2683 fremit,
311 2627 343 2673 ut
355 2619 481 2684 resonet,
496 2636 547 2672 oen
559 2635 621 2672 oum
634 2618 793 2673 sublimibus
807 2609 894 2674 antris

160 2699 291 2752 Continet
303 2700 474 2770 Hippotades
487 2699 598 2752 flamina
611 2699 706 2752 clauso
717 2699 804 2752 Deus.

120 2781 180 2834 Hoc
194 2778 360 2844 inimicitias,
374 2781 462 2843 bella,
477 2779 544 2842 iras,
557 2777 665 2848 jurgia,
680 2780 777 2832 caedes

160 2858 290 2927 Excitat!
304 2859 476 2930 ingeminans
490 2858 616 2929 quidquid
629 2858 729 2928 ubique
743 2857 808 2911 mali
821 2863 874 2910 est.

120 2940 181 2995 Hoc
195 2940 272 2992 ooelo
285 2946 388 2993 terrum
401 2938 555 2992 commisost
568 2944 597 2991 et
610 2937 720 3010 ignibus
734 2937 832 3000 nudos,

160 3018 261 3072 Reddit
274 3019 344 3072 etin
357 3019 476 3089 priscum
489 3023 587 3071 onusta
600 3025 697 3071 ooaotn
710 3017 808 3078 ohnos3

123 3099 275 3169 Conjungit
286 3115 392 3163 rursus,
409 3097 508 3161 sooint,
523 3113 600 3160 novo,
608 3098 719 3150 foedera
732 3095 844 3166 pnngit,

162 3180 200 3233 Ut
212 3194 274 3249 pax·
284 3179 313 3232 in
327 3178 430 3232 cunctis
444 3179 541 3232 floreat
555 3178 628 3230 almo
641 3175 718 3230 locis.
