2534 3576
358 253 359 260 ’
447 249 466 296 l.
477 249 630 310 Aenigmata
640 246 768 306 syllabica.
1071 229 1113 300 59

118 399 146 456 3.
161 400 191 453 4.
213 400 269 452 Illa
281 413 348 469 ego,
365 413 444 467 quarn
453 399 542 462 Deus,
557 404 587 451 et
600 413 681 467 qnam
694 395 806 467 qrrisque
816 397 895 450 homo
904 399 1029 467 postulat
1043 413 1060 451 a
1074 402 1113 463 te,

213 479 252 534 Et
265 494 347 548 qnam
362 478 489 535 debemus
504 478 607 532 cunctis
615 515 688 532 .....

106 559 144 619 Θ,
156 555 198 620 Θ.
211 559 273 614 Sint
287 573 380 612 omnes
393 564 495 613 matres
510 557 663 627 sapientes,
677 573 774 627 meque
788 562 921 610 carentes.

582 753 630 810 48.

122 866 148 921 1.
165 865 193 920 2.
215 863 336 933 Adspice
351 879 412 926 nos,
428 878 541 932 quaeso,
556 866 695 931 prognata
708 877 798 914 sumus
812 859 870 914 sine
884 865 1004 928 matre„

212 945 266 998 Est
279 950 390 996 truncus
403 947 496 1012 pater,
513 941 650 994 obstetrix
662 955 726 992 vero
741 956 831 994 serra.
841 980 847 993 .
858 980 881 996 ..

119 1023 147 1080 ³.
163 1025 191 1079 4.
211 1024 292 1078 Mens
306 1021 371 1075 mihi
384 1021 488 1074 ferrea;
503 1037 557 1073 non
572 1020 647 1083 ineo,
663 1037 717 1072 non
730 1037 814 1083 exeo,
830 1019 854 1072 si
867 1037 921 1074 non

108 1180 146 1240 n.
158 1178 197 1242 Θ.
210 1103 337 1236 111ξῖῐίΘί
347 1140 464 1244 elindeo,
480 1178 502 1231 si
516 1195 570 1230 non
584 1177 645 1231 vult
658 1177 761 1232 intrare
774 1177 893 1248 priores,

213 1263 254 1316 Tu
267 1260 351 1314 terias
365 1263 449 1329 eaput
462 1257 522 1327 ejus
532 1297 602 1310 .....

581 1452 627 1505 49.

164 1559 190 1611 l.
212 1555 257 1610 Me
272 1558 337 1609 dare
352 1555 466 1626 quilibet
478 1560 522 1606 est
535 1560 688 1622 promptns;
703 1569 801 1622 parere
816 1553 911 1625 sagaci

212 1637 264 1689 Est
278 1637 364 1688 solum
378 1633 515 1703 sapientia
527 1649 594 1685 vera
602 1672 670 1688 .....

162 1716 188 1770 2.
210 1715 271 1769 Non
284 1720 379 1777 extra,
393 1729 486 1766 serum
499 1713 573 1765 intra
586 1727 703 1782 quaeras
718 1710 819 1781 gaudia
831 1727 906 1764 vera.

108 1793 147 1854 t).
159 1793 196 1854 Θ.
210 1796 371 1848 Ascendunt
384 1793 537 1863 sapientes,
552 1793 599 1844 sed
613 1791 764 1860 sapientior
778 1790 862 1843 omnis

211 1874 361 1928 Descendit
368 1912 488 1928 ........

579 2065 625 2120 50.

124 2173 149 2227 1.
164 2171 190 2226 2.
211 2174 342 2224 Amantes
356 2176 433 2233 sunt,
449 2171 493 2240 qui
508 2187 556 2223 nos
570 2186 625 2222 non
639 2168 759 2222 existere
774 2168 896 2229 credunt3

213 2254 357 2313 Amantes,
374 2250 433 2318 ajo,
449 2267 512 2303 nam
525 2250 613 2302 solum
625 2248 749 2316 corporei
763 2253 833 2302 sunt.

124 2331 150 2386 3.
164 2331 190 2384 4.
212 2331 301 2392 Quam
316 2330 412 2399 cupide
426 2346 468 2382 me
481 2335 546 2398 post
558 2329 658 2381 multos
672 2343 840 2398 magnosque
853 2327 963 2381 labores

211 2409 357 2464 Desiderat
370 2410 472 2463 fessus!
482 2448 489 2461 .
499 2450 505 2462 .
514 2447 537 2462 ..
902 2465 907 2478 ,

113 2485 195 2549 tw.
211 2489 262 2551 Qui
275 2506 318 2542 me
331 2489 465 2558 possidet,
480 2487 527 2540 ille
543 2487 656 2557 pavebit
669 2492 791 2556 tempore
806 2486 894 2547 nullo;

211 2570 326 2623 Accidat
338 2571 389 2624 hoc
404 2573 453 2622 aut
466 2568 532 2621 illud
546 2568 585 2634 ei,
601 2583 707 2637 semper
719 2572 811 2620 manet
823 2565 901 2618 idem.

578 2767 624 2820 51.

167 2875 190 2930 1.
211 2873 239 2927 si
253 2871 303 2926 tibi
317 2870 370 2926 lter
383 2871 495 2925 facienti
510 2873 566 2925 dux
579 2879 622 2926 est
636 2871 745 2942 syllaba
757 2875 862 2932 nostra,

212 2951 334 3007 Circulos
349 2956 403 3015 est,
420 2968 498 3021 quern
512 2957 542 3005 tu
556 2953 625 3006 facis
634 2991 702 3006 .....

164 3031 189 3086 2.
208 3032 286 3085 Nunc
299 3048 357 3085 sum
371 3030 484 3099 longus,
500 3048 571 3084 nnnc
585 3023 642 3084 s'um
656 3034 756 3082 curtus.
778 3025 929 3080 'I'estillcari

210 3111 307 3165 Nonne
321 3112 346 3164 id
361 3111 423 3180 equi
436 3116 584 3179 possuntt.
594 3151 600 3163 .
610 3150 632 3164 ..

120 3188 154 3250 Θ.
163 3186 196 3251 Θ.
210 3189 239 3245 Si
254 3191 317 3260 qnid
330 3197 470 3256 narratur,
484 3195 573 3244 toturn
584 3189 633 3241 vix
646 3194 690 3240 est
702 3186 880 3241 tolerandum.
