2534 3576
423 212 443 258 1.
453 211 607 275 Aenigmeto
616 211 744 272 syn-tion.

554 360 601 418 20.

139 465 163 520 1.
182 464 226 518 Ex
239 481 292 534 quo
307 470 373 518 sunt
385 464 519 530 homines,
531 466 591 536 jem
605 466 698 519 sedulo
708 458 756 520 'me
769 467 926 530 ooluerunt;

183 546 248 598 Jure
263 544 383 614 quidem,
399 559 462 598 nom
475 545 602 617 largiter,
618 549 693 600 ecoe!
709 561 850 600 remunero
865 547 977 604 enltnm.

184 625 269 686 Puro,
284 623 331 694 qui
344 641 386 678 me
400 627 515 689 adeunt,
531 626 575 679 hie
587 631 703 695 possunt
716 631 782 680 stre
796 625 877 679 vesei.

101 701 124 756 2.
137 702 163 756 ³.
185 703 304 772 Quisque
319 703 392 775 sugit
404 704 518 774 pavidus
532 723 574 758 me
588 712 784 775 eversetmque
797 721 932 759 venenum

184 785 366 848 Mortuerum,
381 785 502 854 quemvis
517 784 631 854 pulchre
645 784 788 853 splendere
801 785 878 840 videt
890 801 942 840 me.

185 864 255 919 Olim
268 864 399 918 mortales
413 881 467 934 ego
482 862 631 918 ealliditate
645 864 745 927 fefelli3

184 945 262 998 Nune
276 943 399 1014 sequitur
411 961 454 997 me
467 959 558 1012 poene
570 944 623 997 Dei
636 943 808 1014 vindieteque
822 959 909 999 suere.

91 1019 125 1086 55)-
135 1018 169 1081 Θ.
183 1025 282 1094 Pugna
295 1023 394 1086 instet,
409 1030 515 1077 certare
528 1029 644 1092 paratae
658 1029 734 1076 stent
747 1023 885 1093 legionem

184 1104 319 1158 Faucibus
334 1121 370 1156 ex
384 1102 480 1172 amplis
494 1109 604 1156 utentes
618 1119 660 1155 me
674 1103 824 1156 vomitante

184 1184 238 1238 Vel
252 1186 352 1246 letum,
366 1185 411 1236 vel
425 1183 549 1236 vulnere.
570 1181 705 1236 Maximus
719 1182 859 1239 Hannibal
873 1183 950 1252 olim,

184 1265 331 1335 Pugnens‚
347 1261 461 1315 hostiles
476 1279 559 1316 neves
574 1261 710 1315 sororibus
724 1261 820 1330 implet

183 1343 305 1405 Nostris;
320 1342 469 1395 terribilem
482 1359 525 1394 me
539 1343 656 1394 nondum
671 1347 785 1394 noverat
798 1341 856 1395 ille.

185 1425 293 1478 Geudel
308 1423 421 1492 fulgura
433 1439 488 1474 non
501 1421 595 1474 lucent
607 1437 669 1475 mea
681 1427 804 1490 tempore
817 1421 903 1491 petis.

555 1597 601 1650 21.

100 1704 123 1758 l.
138 1704 164 1758 2.
185 1705 334 1758 Exoudunt
348 1719 426 1756 oenus
439 1709 469 1756 et
481 1703 564 1758 melle
578 1701 687 1757 teneeie
699 1703 822 1774 fingunt3

184 1785 286 1836 Verum
300 1783 420 1838 deterius
434 1800 523 1854 genus
538 1789 592 1846 est,
609 1784 680 1852 quod
693 1800 748 1836 uon
762 1789 837 1837 emet
849 1783 937 1848 ullus,

184 1864 273 1916 Volde
287 1865 358 1932 quod
371 1879 421 1916 uos
435 1862 619 1935 persequitur,
635 1879 684 1916 nos
697 1863 946 1933 persequimurque.

137 1943 163 1998 3.
183 1941 344 2012 Progeniem
359 1941 502 2011 foetusque
516 1943 611 1995 fovens
627 1942 685 1994 evis
699 1941 798 1994 insidet
812 1942 840 1993 iu
852 1959 904 1994 me.

87 2019 122 2080 l).
133 2019 171 2081 Θ.
184 2022 312 2091 Pungere
326 2037 369 2074 me
382 2021 452 2085 noli,
467 2027 561 2075 nostre
574 2021 757 2075 intolerabilis
771 2021 813 2073 ire
826 2026 878 2075 est.

560 2201 608 2258 22.

140 2309 165 2363 1.
187 2305 240 2361 Est
253 2307 411 2377 aequandus
426 2308 510 2371 edex,
526 2305 683 2370 sicilicum,
698 2307 761 2361 huie
775 2308 898 2374 enimoli,

188 2387 277 2451 Quod,
292 2385 377 2455 (bene
392 2383 454 2453 sois)
469 2387 581 2440 simulne
595 2387 766 2456 appelletur,
781 2389 859 2443 venit
871 2389 966 2459 ipsum.

140 2466 166 2520 2.
186 2467 238 2520 Est
252 2465 305 2520 ite:
321 2466 434 2536 quisque
448 2483 526 2521 suum
540 2467 561 2520 it
574 2466 726 2536 proprium,
740 2467 844 2522 lentum
858 2470 1020 2536 celeremue,

185 2545 303 2599 Laetum
315 2546 360 2598 vel
373 2547 491 2608 tristem
506 2546 647 2616 cognoscis
660 2547 809 2616 quemlibet
822 2565 859 2602 ex
871 2565 923 2604 me.

92 2623 125 2684 Φ.
136 2621 171 2684 Θ.
186 2625 274 2694 Saepe
288 2625 439 2680 infantulus
454 2626 552 2696 eeeipit
565 2626 593 2679 iu
606 2626 771 2698 baptismate
785 2643 863 2682 storo

187 2705 246 2760 Hoc
260 2721 365 2761 nomen.

554 2883 600 2939 23.

144 2987 169 3042 1.
189 2987 249 3078 Hoc
263 2985 317 3078 fert
331 2983 458 3078 solemnis
471 2985 706 3096 nomen‘nltetio
724 2985 847 3079 saltant,

188 3065 280 3120 Foetes
293 3067 380 3120 mdutr
394 3066 585 3130 meruitne,
599 3082 670 3120 nune
683 3083 743 3122 uno
755 3065 851 3134 lumi,

188 3145 226 3200 Et
238 3145 352 3216 pulsant
364 3151 466 3200 terrem
478 3143 554 3200 leeto
567 3147 646 3217 pede.
