2534 3576
143 205 193 274 dd
481 218 502 266 1.
512 217 667 282 neugma·
675 221 827 304 mmmm

150 368 254 434 Efficit,
270 369 413 425 obtineant
424 378 457 426 ut
469 378 572 426 eertum
582 371 649 443 jura
661 373 796 446 rigorem,

191 448 336 520 Componit
347 450 425 516 lites,
436 450 534 524 jurgia
547 469 671 524 quaeque
686 460 771 508 senat

150 528 197 586 Nil
210 545 325 600 usquam
337 531 447 596 meiius,
461 531 501 586 nii
515 539 558 588 est
570 533 756 604 praestantius
771 534 832 600 illo,

190 608 237 664 Nil
251 609 334 664 etiam
345 610 426 681 pejus
440 612 612 684 deteriusque
626 619 727 668 manet.

619 817 685 872 159.

152 919 261 977 cellula
272 935 361 992 parva
369 917 461 989 juset,
476 919 621 990 splendens
636 921 752 975 candore
766 919 863 986 nivali,

192 1002 272 1056 Hune
285 999 388 1053 aditum
400 1001 518 1070 praebet
526 999 616 1069 janua
629 1000 707 1055 nulla
720 1001 786 1065 tibi;

152 1081 238 1138 Nulla
249 1079 372 1134 fenestra
384 1084 478 1149 patet,
492 1085 565 1133 teres
580 1086 662 1150 atque
676 1082 795 1138 rotunda
807 1080 929 1146 videtur,

192 1160 344 1215 Marmorea
358 1158 448 1214 uineta
460 1166 504 1214 est
517 1175 622 1231 aggere
637 1165 698 1214 tota
711 1162 812 1214 domus.

153 1245 284 1296 Attamen
297 1244 327 1292 et
340 1238 428 1293 vivum
443 1239 568 1310 quiddam
580 1245 732 1310 generatur
744 1239 773 1294 in
786 1239 847 1306 iila,

194 1318 244 1374 eui
256 1336 350 1373 rerum
363 1335 460 1388 eorpus
474 1317 595 1372 redditur
609 1325 691 1390 atque
706 1336 778 1374 earo.

153 1399 285 1458 Provenit
297 1404 327 1452 et
340 1404 469 1468 quaestus
482 1397 575 1452 multis
588 1398 739 1453 uberrimus
754 1399 829 1463 inde,

194 1479 265 1534 Hine
279 1494 385 1549 quoque
398 1494 452 1531 non
465 1476 559 1548 pauci,
576 1495 628 1549 quo
642 1478 791 1544 satientur,
805 1480 919 1534 habent

622 1655 687 1710 160.

154 1759 207 1817 Εει
220 1759 326 1824 domus,
340 1764 384 1812 est
396 1755 488 1828 paries
502 1757 585 1829 longe
600 1759 801 1830 antiquissimus
816 1759 889 1831 ejus,

194 1839 361 1910 Perpetuus,
376 1837 503 1908 quoniam
511 1837 601 1907 janua
613 1839 692 1894 nulla
704 1846 792 1911 patet.

149 1919 301 1990 'Rumpitur
312 1919 357 1973 hie
370 1918 463 1982 facile,
478 1924 523 1973 ast
536 1917 597 1972 aliis
611 1925 656 1973 est
669 1935 782 1983 saxeus3
797 1919 853 1975 iliis

194 2000 247 2056 Est
260 1999 318 2053 siue
332 1998 420 2063 ealce,
436 1997 498 2052 aliis
511 1998 575 2052 eadx
589 2015 696 2070 quoque
709 2000 790 2055 mista
802 2006 889 2059 tenet.

155 2079 262 2136 Exsule
276 2078 349 2141 sole,
363 2083 446 2133 vaeat
458 2077 541 2133 nuliis
555 2079 671 2134 obscura
684 2079 825 2147 fenestris,

195 2159 254 2216 Nee
266 2157 355 2212 facilis
367 2157 454 2211 tristis
467 2165 616 2213 murmurat
629 2160 694 2214 aula
706 2160 781 2215 loeis.

154 2239 240 2296 Nulla
253 2237 305 2292 ioci
318 2237 416 2301 facies,
431 2238 548 2303 neoris,
563 2241 611 2293 sed
624 2238 726 2312 stigida
739 2246 845 2310 torpet,

196 2319 254 2375 Nee
267 2318 345 2373 sedes
359 2322 420 2371 tota
433 2323 477 2371 est
490 2317 542 2384 nil,
557 2317 610 2372 nisi
624 2319 711 2374 lectus
726 2318 808 2374 iners.

624 2497 690 2554 161.

157 2597 186 2652 Si
199 2598 271 2651 bene
284 2595 423 2669 dispicias,
438 2613 482 2651 res
496 2613 555 2652 sum
568 2597 709 2654 notissima
723 2598 844 2663 eunetis,

197 2677 259 2732 Non
271 2677 312 2732 ita
325 2678 372 2731 sed
385 2676 476 2730 multis
489 2677 569 2747 eopia
582 2677 657 2732 iusta
669 2677 731 2734 mei.

157 2755 204 2812 Me
218 2774 272 2811 uon
287 2763 398 2827 optaret
411 2755 483 2827 quis,
498 2757 521 2811 si
534 2757 654 2812 caruisse
668 2758 777 2823 liceret,

197 2840 238 2892 At
249 2838 359 2891 tandem
371 2837 453 2892 miser
467 2842 522 2901 est,
537 2836 656 2909 quisquis
670 2838 773 2892 habere
787 2837 872 2908 eupit.

159 2916 212 2980 Qui
224 2916 314 2986 pretio
327 2916 447 2982 redituit,
461 2923 555 2972 nestra
569 2934 624 2971 nen
636 2917 742 2989 indiget
754 2935 819 2983 usu,

199 2996 304 3067 Quique
318 2997 436 3067 paravit,
452 3014 521 3068 opus
535 3013 589 3052 nnn
602 2997 690 3051 habet
702 2998 749 3052 iile
762 2997 824 3054 mei.

156 3077 283 3149 Denique
296 3093 338 3130 me
358 3082 447 3132 sumta
461 3077 570 3148 quidum
581 3093 632 3130 neu
644 3093 755 3132 munere
768 3079 884 3132 honesto

199 3157 291 3218 Utitur
304 3163 333 3212 et
347 3155 409 3210 doni
423 3157 529 3212 nescius
544 3156 604 3228 ipss
617 3156 660 3212 sui
673 3163 725 3212 est.
