2548 3572
153 216 215 280 100
540 179 765 276 rvssrnoonma.

637 379 665 433 5.

151 485 272 538 Ceetere
285 482 321 536 sit
334 483 422 536 nudus
436 482 601 544 Germanum
616 481 638 536 si
652 482 730 536 bibet
743 482 871 536 haustum

150 562 226 628 Vini,
242 569 299 618 stet
312 561 420 627 melior,
436 579 515 633 quem
529 562 617 616 Italus
630 563 702 616 ferro
717 577 835 632 eereqne
850 561 963 619 cinctus.

639 745 665 799 6.

154 847 240 911 Quem
253 847 386 904 Dominus
399 846 466 901 fecit
480 846 603 902 Christus
618 847 790 901 sterilescere
803 848 895 913 ficum,

152 929 232 984 Henc
244 925 369 984 monachi
382 927 410 980 in
423 925 539 999 crepidis
553 931 666 998 gestent
678 925 763 980 fausti
777 927 886 994 eminis,
900 942 969 999 erge

152 1008 276 1075 Scilicet,
291 1013 323 1062 ut
335 1013 467 1062 maneant
479 1007 606 1061 ficulnum
619 1013 649 1060 et
663 1006 758 1062 inutile
771 1006 886 1079 lignum.

640 1193 667 1249 t.

154 1300 207 1366 Qui
219 1303 263 1368 fle,
279 1304 349 1373 qnod
361 1301 472 1357 medicis
484 1300 597 1356 meliore
611 1301 715 1355 salarie
728 1303 839 1365 dentur,

155 1382 254 1448 Quem,
270 1383 314 1453 qui
329 1381 479 1439 dcctrinnnr
488 1379 559 1449 juris
572 1381 735 1450 profitentur
748 1381 892 1437 acerbam?

152 1465 231 1520 Heec
244 1462 317 1516 rstic
331 1467 384 1516 est:
400 1461 522 1516 homines
535 1476 617 1531 mnge
631 1467 726 1516 ament
738 1459 835 1515 vitalia
847 1459 970 1514 membre

153 1542 288 1612 Restitni,
303 1558 383 1612 quem
392 1541 460 1611 jure
473 1538 531 1594 deri
545 1556 625 1594 sacre
635 1539 834 1611 justitiamque.

639 1724 666 1780 8.

153 1828 206 1893 Qui
219 1827 338 1899 frangit,
353 1824 421 1882 nuce
435 1843 486 1880 nec
499 1826 588 1879 fracte
601 1827 662 1880 vult
674 1825 790 1891 vescier,
805 1833 888 1897 etque

151 1911 184 1965 In
198 1907 284 1962 doctis
300 1907 344 1979 qui
359 1925 413 1961 non
425 1906 486 1962 vult
499 1906 576 1963 libris
590 1906 707 1969 discere,
722 1905 821 1977 quique

151 1989 225 2044 Vina
237 1993 327 2052 tenet,
342 2004 441 2059 percus
454 2003 505 2040 nec
517 1987 579 2042 ruit
591 1986 746 2040 infundere:
761 1986 826 2044 telis

151 2071 184 2125 In
198 2068 318 2122 claustro
332 2068 493 2122 monachum
506 2067 589 2120 debet
602 2065 755 2138 profiterier
768 2073 866 2122 etrum.

642 2253 668 2311 9.

151 2361 202 2416 Est
216 2347 251 2412 nn
266 2356 384 2412 amicitie
397 2373 452 2411 non
464 2356 579 2410 multum
592 2357 695 2412 musica
707 2357 826 2412 distans:

193 2441 331 2494 Consonat
343 2435 394 2490 ille
406 2435 486 2500 fide,
502 2442 634 2490 consonet
647 2435 748 2490 haecce
762 2435 840 2491 fide.

635 2621 679 2675 10.

152 2727 228 2783 Jnris
243 2727 345 2783 doctori
359 2731 410 2781 eut
422 2725 526 2780 medice
540 2741 634 2780 verum
648 2725 768 2792 fateare,

193 2807 270 2862 Illius
285 2813 334 2861 eut
346 2806 429 2877 hnjus
443 2806 466 2861 si
481 2803 558 2874 cupis
573 2804 715 2860 auxilium.

631 2983 676 3036 11.

103 3113 108 3126 ·
151 3084 264 3150 Quando
276 3081 384 3136 hirsute
396 3045 469 3135 foret
482 3079 646 3151 spincseque
659 3084 729 3132 nete
740 3079 849 3149 puelle,

189 3165 313 3232 Elcreret
325 3175 433 3230 semper
446 3159 607 3232 virginitate
621 3173 679 3216 sua.
