2534 3576
463 223 494 270 11.
505 223 658 284 Aenigmata
669 221 798 281 syllabica.

597 381 645 435 92.
732 423 735 432 .

177 484 205 537 1.
227 482 355 536 Mortalis
369 499 422 535 non
437 482 576 536 desiderat
588 499 643 562 me,
658 500 702 536 me
715 483 789 554 fugit
803 482 904 548 omnis,

227 561 358 624 Seducit,
374 579 422 617 cur
435 563 544 624 timeat;
559 579 634 626 nam,
650 562 673 616 si
687 563 751 616 mihi
765 563 836 615 forte
849 561 1030 632 propinquat,

228 641 343 703 Quando
357 648 421 696 sunt
433 641 592 710 patefactae
605 643 712 705 fauces,
727 643 815 696 instar
829 642 968 712 hyaenae,

228 720 355 783 Quemvis
370 723 479 774 devoro.
501 721 562 775 Non
577 722 675 786 satim,
691 722 911 792 stomachumque
925 721 1074 776 latrantem

226 800 274 855 Nil
286 799 368 864 lenit,
383 800 504 871 quamvis
518 806 548 854 et
560 801 646 856 millia
659 803 747 855 multa
759 818 892 855 vorarem.

226 879 268 933 Ne
281 880 392 934 timeas!
408 887 496 933 metus
512 880 566 934 etsi
579 897 709 952 magnus,
723 881 841 934 vincitur
855 880 940 935 omnis

227 960 347 1014 Virtute.
368 964 423 1013 Ast
436 977 503 1031 ego,
521 961 624 1014 cunctis
639 969 740 1024 terror,
755 978 814 1016 sum
827 960 878 1016 tibi
891 960 1006 1014 amicus:

227 1039 332 1101 Omnis,
348 1039 394 1110 qui
406 1039 479 1094 vitae
493 1056 616 1110 pugnam
629 1047 805 1110 pugnaverat
818 1047 883 1094 ante

226 1118 301 1172 Forti
316 1118 419 1183 auimo,
434 1120 522 1172 fessus
536 1121 653 1190 posthac
665 1120 692 1174 in
705 1137 775 1190 pace
789 1119 918 1190 quiescet.

177 1196 204 1250 2.
225 1197 386 1252 Parturiunt
398 1199 505 1269 gravidi
518 1200 603 1263 docti,
617 1203 756 1269 postremo
771 1217 824 1270 ogo
838 1215 948 1262 nascor,

225 1278 303 1331 Mons
317 1278 468 1341 rarissime,
484 1281 532 1332 sed
547 1279 703 1350 saepissime
717 1279 844 1332 ridiculus
858 1295 927 1332 mus.

115 1352 159 1414 ss).
170 1351 207 1414 Θ.
227 1357 315 1419 „Siste
328 1357 473 1428 graduml¹⁴
491 1358 513 1412 si
527 1376 582 1411 non
595 1357 698 1430 legitur
712 1359 864 1428 transitque
879 1358 980 1424 viator,

226 1437 348 1506 Optime,
363 1437 448 1490 dormi
462 1437 489 1490 in
504 1439 591 1491 lucem
606 1445 784 1508 apparentem
798 1439 856 1491 sinc
871 1441 947 1492 cura!

225 1517 323 1570 Nonne
338 1517 418 1570 odisti
430 1533 481 1586 per
493 1517 578 1572 vitam
591 1518 731 1571 mendacia
744 1523 867 1588 semper?

224 1598 258 1652 ln
271 1597 375 1650 tumulo
388 1596 459 1666 lapis
475 1597 561 1661 absit,
577 1599 615 1650 sic
629 1597 715 1650 levior
729 1597 778 1650 tibi
792 1604 875 1651 terra.

593 1795 640 1850 93.

132 1898 162 1952 1.
177 1894 205 1951 2.
226 1896 413 1950 versicolores
427 1915 476 1950 nos
492 1914 596 1960 sumus,
612 1903 656 1950 ast
670 1903 714 1951 est
727 1898 830 1968 optima
843 1897 936 1969 nigra,

225 1976 302 2038 Quod
316 1977 496 2030 scribentibus
512 1985 556 2030 est
568 1978 641 2032 bene
653 1983 763 2030 notum.
776 2018 780 2029 .
793 2017 817 2030 ..

173 2055 201 2109 3.
223 2054 343 2125 Optime,
358 2057 485 2126 gratulor
499 2075 536 2110 ex
549 2063 610 2110 tota
624 2057 674 2109 tibi
688 2062 778 2109 mente
792 2055 924 2126 mihique,
1001 2105 1004 2116 ,
1094 2099 1099 2112 .

111 2138 118 2151 ”
222 2135 282 2188 Hoc
296 2135 357 2188 vino
373 2134 485 2208 antiquo
500 2136 523 2188 si
536 2135 648 2206 plenum
662 2141 715 2190 est.
736 2135 832 2190 Nonne
846 2135 965 2189 libenter
1094 2137 1097 2144 '

222 2213 353 2268 Inritabis
368 2219 428 2280 met
438 2257 444 2269 .
456 2255 463 2268 .
475 2256 480 2267 .
493 2257 497 2267 .

113 2291 155 2354 Φ.
164 2289 203 2353 Θ.
217 2293 326 2348 Nullius
341 2294 428 2364 frugis
443 2294 589 2364 scriptores
603 2301 739 2368 evacuant
752 2301 781 2348 te

220 2373 335 2443 Saepius
350 2374 418 2437 illis,
433 2375 478 2444 qui
492 2392 541 2428 nos
556 2373 689 2428 erudiunt.
711 2375 771 2428 Tibi
784 2392 895 2444 parcas,

220 2453 260 2506 Et
271 2454 321 2507 lias
336 2453 447 2518 siccum,
463 2471 497 2506 ne
512 2455 636 2508 chartam
648 2456 764 2526 perdere
777 2456 893 2526 possint.

590 2664 636 2717 94.

172 2767 198 2820 1.
220 2767 280 2820 Vae
293 2767 420 2836 pedibus!
436 2784 499 2822 nam
514 2769 629 2824 crudelis
644 2770 721 2823 dolor
735 2772 815 2823 ardet
828 2769 856 2823 in
870 2766 937 2830 illis,

221 2845 306 2907 Quem
320 2847 413 2900 Venus
428 2853 458 2901 et
469 2849 593 2916 Bacchus
607 2855 801 2918 procrearunt.
814 2887 820 2900 .
832 2886 857 2900 ..

127 2924 155 2978 2.
170 2922 198 2978 3.
219 2923 368 2995 Displicuit
380 2926 463 2979 variis
477 2943 522 2979 res
536 2927 770 2996 publicatoribus
785 2925 862 2980 olim:

218 3004 375 3074 Elegerunt
388 3022 430 3058 me
444 3006 568 3075 reginam
578 3047 658 3060 .....

112 3079 153 3142 Φ.
162 3079 200 3142 a.
214 3083 291 3136 lnter
304 3083 430 3138 odoratos
445 3085 540 3138 hortus
554 3087 698 3156 meipsam
712 3101 819 3155 quoque
832 3087 913 3139 flores

217 3163 367 3229 Monstrat3
381 3179 484 3234 magna
497 3181 551 3234 ego
566 3181 637 3229 sum,
652 3166 738 3218 rubeo
752 3165 899 3236 tingorque
914 3165 1012 3217 colore.
1112 3159 1115 3202 t
