2534 3576
149 241 194 308 38
481 252 501 300 1.
512 251 667 314 Aenigmate
676 247 820 298 nominalis.

619 398 684 455 1⁷0.

150 509 208 566 Neo
221 523 298 572 onro,
313 523 364 560 neo
377 505 471 577 piscis,
487 477 520 559 de
534 519 616 558 corne
630 509 660 557 et
672 501 748 572 pisos
762 508 895 568 ereetum,

189 586 280 661 Hujus
294 593 324 641 et
336 585 409 641 illius
424 584 538 656 suppleo
553 599 637 654 saepe
649 582 732 638 vioes.

620 786 684 845 171.

151 895 224 952 Dum
237 892 302 950 mihi
314 892 374 958 vito
387 892 452 958 fuit,
466 891 574 965 fragilis
587 892 733 962 tenuisque
747 891 892 945 monobnm

68 1041 72 1058 ι
191 975 230 1032 Et
242 974 345 1029 multoe
359 990 457 1044 eorpus
471 972 622 1028 debilitatis
636 977 705 1027 erut.

153 1061 205 1119 At,
221 1071 280 1109 oum
294 1071 336 1108 nne
349 1052 445 1124 rupuit
456 1053 550 1109 metris
564 1055 598 1107 de
612 1068 725 1123 corpore
739 1050 839 1114 fetum,

194 1134 300 1190 Involui
313 1139 343 1188 et
356 1133 434 1204 ooepi
446 1134 547 1188 firmius
561 1149 622 1187 esse
637 1131 724 1186 simul.

156 1217 303 1288 congrego
317 1213 467 1285 dispersum
480 1212 555 1268 varie
569 1213 681 1281 lateque
694 1208 844 1282 popellum,

196 1295 351 1350 Conventus
366 1294 488 1348 celebres
502 1310 557 1346 non
571 1291 656 1346 semel
670 1307 737 1361 orgo
751 1287 820 1341 dedi.

157 1375 271 1439 Consul,
286 1391 383 1445 eques,
397 1373 476 1442 plebs
491 1377 521 1425 et
533 1376 680 1432 mercator,
696 1367 806 1432 nonita,
821 1382 908 1437 caupo

196 1456 241 1510 Me
255 1453 380 1524 eupiunt,
394 1451 435 1505 uti
450 1450 495 1521 qui
509 1451 616 1521 nequit,
631 1449 680 1502 ille
694 1448 777 1503 dolet.

156 1542 312 1610 Purpureos
326 1533 398 1587 inter
410 1530 568 1585 oommeroio
579 1529 698 1601 plurimo
710 1544 792 1599 reges

198 1620 269 1674 Sunt
280 1613 358 1678 mihi,
373 1629 439 1683 quos
454 1610 526 1665 sooio
540 1609 708 1680 dissooioque
723 1607 811 1664 siunul.

157 1700 237 1758 Nuuo
250 1712 300 1767 pro
310 1691 420 1764 justitio
432 1689 518 1744 multo
532 1688 673 1743 eonomine
686 1703 791 1758 pugno,
840 1743 841 1748 ἵ

199 1777 289 1833 Infero
303 1771 399 1827 virtuti
413 1787 511 1841 saepe,
524 1768 657 1838 bonisque
671 1783 776 1822 monus.

159 1856 321 1929 Protegitur
333 1858 429 1907 nostro
441 1854 545 1904 neotum
559 1848 659 1902 virtute
673 1848 840 1917 bonumque,

200 1933 440 2007 Suppremiturque
453 1929 520 1983 meis
534 1927 636 1982 viribus
651 1943 729 1982 omne
742 1925 826 1998 pium.

160 2018 205 2076 Illi
218 2013 354 2070 loetitiom
367 2027 470 2084 genero
485 2015 514 2063 et
527 2009 601 2062 bono
613 2006 717 2079 gaudio
730 2013 823 2077 porto,

200 2091 331 2154 Provenit
343 2091 406 2172 huie
420 2089 543 2162 gravior,
558 2105 601 2142 me
615 2086 747 2151 faciente,
763 2085 848 2142 dolor.

631 2275 695 2335 172.

164 2397 288 2466 Torqueo
302 2409 357 2447 non
370 2399 498 2460 possesso
511 2385 659 2446 hominem
672 2395 802 2454 possesso
815 2377 904 2449 fatigo

205 2473 297 2536 Curio
311 2469 419 2542 perdito
431 2484 495 2522 mox
508 2466 570 2536 ipss
584 2464 676 2518 dolore
690 2477 792 2533 premo.

634 2657 698 2715 173.

166 2784 214 2842 Bis
227 2796 326 2836 venere
339 2789 435 2835 novem
444 2771 563 2844 juvenes
578 2769 613 2822 od
625 2765 731 2822 moenio
744 2767 853 2826 nostre,

174 2871 177 2878 ’
205 2863 252 2919 Ex
266 2859 327 2916 eliis
341 2860 395 2912 huo
408 2857 443 2911 nd
456 2869 506 2909 nos
520 2848 624 2905 rediere
638 2847 714 2901 loeis.

168 2939 313 3014 conopioni
326 2939 413 2993 formo
425 2933 527 3006 pariles
539 2927 699 2985 florentibus
713 2921 806 2986 suuis,

207 3027 340 3079 Attamen
352 3016 395 3070 his
408 3014 529 3077 minime,
544 3025 595 3080 por
608 3009 689 3061 dooor
702 3004 756 3060 oris
770 3004 858 3056 adest.

119 3177 123 3196 ,
168 3121 216 3179 Nil
229 3124 285 3184 est,
299 3112 431 3188 egregios
445 3111 516 3182 quod
530 3106 603 3164 dions
617 3105 712 3158 deesse
726 3097 845 3160 cohorti,

210 3201 296 3266 Quum
310 3195 380 3268 quod
393 3207 448 3246 non
461 3187 534 3260 potis
548 3193 593 3241 est
605 3186 686 3240 edere
698 3180 797 3252 lingon
810 3189 902 3230 senos.
