<?xml version="1.0" encoding="UTF-8"?>
<!DOCTYPE html PUBLIC "-//W3C//DTD XHTML 1.0 Transitional//EN"
    "http://www.w3.org/TR/xhtml1/DTD/xhtml1-transitional.dtd">
<html xmlns="http://www.w3.org/1999/xhtml" xml:lang="en" lang="en">
 <head>
  <title>
</title>
<meta http-equiv="Content-Type" content="text/html;charset=utf-8" />
  <meta name='ocr-system' content='tesseract 3.04.00' />
  <meta name='ocr-capabilities' content='ocr_page ocr_carea ocr_par ocr_line ocrx_word'/>
</head>
<body>
  <div class='ocr_page' id='page_1' title='image "./floresaenigmatu00bindgoog/floresaenigmatu00bindgoog_0073.png"; bbox 0 0 2534 3576; ppageno 0'>
   <div class='ocr_carea' id='block_1_1' title="bbox 120 199 1090 932">
    <p class='ocr_par' dir='ltr' id='par_1_1' title="bbox 120 199 877 535">
     <span class='ocr_line' id='line_1_1' title="bbox 120 199 809 272; baseline -0.01 -9"><span class='ocrx_word' id='word_1_1' title='bbox 120 213 123 220; x_wconf 84' lang='lat'>&#39;</span> <span class='ocrx_word' id='word_1_2' title='bbox 150 199 196 267; x_wconf 70' lang='lat'><strong>62</strong></span> <span class='ocrx_word' id='word_1_3' title='bbox 486 210 505 256; x_wconf 90' lang='lat'><strong>1.</strong></span> <span class='ocrx_word' id='word_1_4' title='bbox 516 207 670 272; x_wconf 72' lang='lat' dir='ltr'><strong>Aenigmata</strong></span> <span class='ocrx_word' id='word_1_5' title='bbox 680 209 809 269; x_wconf 70' lang='lat' dir='ltr'><strong>syllabica.</strong></span> 
     </span>
     <span class='ocr_line' id='line_1_2' title="bbox 624 333 670 414; baseline -0.022 0"><span class='ocrx_word' id='word_1_6' title='bbox 624 333 670 414; x_wconf 75' lang='lat' dir='ltr'><strong>&#39;sn</strong></span> 
     </span>
     <span class='ocr_line' id='line_1_3' title="bbox 166 463 877 535; baseline -0.004 -15"><span class='ocrx_word' id='word_1_7' title='bbox 166 467 191 520; x_wconf 92' lang='lat'><strong>1.</strong></span> <span class='ocrx_word' id='word_1_8' title='bbox 208 464 234 518; x_wconf 89' lang='grc'><strong>2.</strong></span> <span class='ocrx_word' id='word_1_9' title='bbox 257 467 279 520; x_wconf 95' lang='lat'>0</span> <span class='ocrx_word' id='word_1_10' title='bbox 293 464 371 535; x_wconf 85' lang='lat' dir='ltr'><strong>pueri</strong></span> <span class='ocrx_word' id='word_1_11' title='bbox 384 465 555 535; x_wconf 74' lang='lat' dir='ltr'><strong>petulanter,</strong></span> <span class='ocrx_word' id='word_1_12' title='bbox 570 465 663 518; x_wconf 84' lang='lat' dir='ltr'><strong>dicite:</strong></span> <span class='ocrx_word' id='word_1_13' title='bbox 678 481 762 518; x_wconf 80' lang='lat' dir='ltr'><strong>vosne</strong></span> <span class='ocrx_word' id='word_1_14' title='bbox 776 463 877 517; x_wconf 87' lang='lat' dir='ltr'><strong>timetis</strong></span> 
     </span>
    </p>

    <p class='ocr_par' dir='ltr' id='par_1_2' title="bbox 253 543 1003 694">
     <span class='ocr_line' id='line_1_4' title="bbox 254 543 1003 615; baseline -0.004 -16"><span class='ocrx_word' id='word_1_15' title='bbox 254 546 479 615; x_wconf 77' lang='lat' dir='ltr'><strong>Praeceptorem?</strong></span> <span class='ocrx_word' id='word_1_16' title='bbox 493 545 554 598; x_wconf 93' lang='lat' dir='ltr'><strong>Non</strong></span> <span class='ocrx_word' id='word_1_17' title='bbox 568 545 647 599; x_wconf 85' lang='lat' dir='ltr'><strong>timet</strong></span> <span class='ocrx_word' id='word_1_18' title='bbox 660 545 747 609; x_wconf 86' lang='lat' dir='ltr'><strong>nilus,</strong></span> <span class='ocrx_word' id='word_1_19' title='bbox 762 561 864 614; x_wconf 89' lang='lat' dir='ltr'><strong>nosque</strong></span> <span class='ocrx_word' id='word_1_20' title='bbox 878 543 1003 598; x_wconf 84' lang='lat' dir='ltr'><strong>timemus</strong></span> 
     </span>
     <span class='ocr_line' id='line_1_5' title="bbox 253 625 685 694; baseline -0.009 -14"><span class='ocrx_word' id='word_1_21' title='bbox 253 625 357 680; x_wconf 89' lang='lat' dir='ltr'><strong>Durum</strong></span> <span class='ocrx_word' id='word_1_22' title='bbox 370 625 430 694; x_wconf 82' lang='lat' dir='ltr'><strong>ejus</strong></span> <span class='ocrx_word' id='word_1_23' title='bbox 445 632 581 693; x_wconf 80' lang='lat' dir='ltr'>sceptrum</span> <span class='ocrx_word' id='word_1_24' title='bbox 590 662 685 678; x_wconf 91' lang='grc'><strong>......</strong></span> 
     </span>
    </p>

    <p class='ocr_par' dir='ltr' id='par_1_3' title="bbox 202 702 1090 932">
     <span class='ocr_line' id='line_1_6' title="bbox 202 702 995 775; baseline -0.001 -18"><span class='ocrx_word' id='word_1_25' title='bbox 202 702 230 757; x_wconf 86' lang='grc'><strong>3.</strong></span> <span class='ocrx_word' id='word_1_26' title='bbox 253 707 275 759; x_wconf 94' lang='lat' dir='ltr'>O</span> <span class='ocrx_word' id='word_1_27' title='bbox 289 705 419 775; x_wconf 83' lang='lat' dir='ltr'><strong>petulans</strong></span> <span class='ocrx_word' id='word_1_28' title='bbox 432 719 513 773; x_wconf 85' lang='lat' dir='ltr'><strong>puer,</strong></span> <span class='ocrx_word' id='word_1_29' title='bbox 529 721 565 756; x_wconf 85' lang='lat' dir='ltr'><strong>ex</strong></span> <span class='ocrx_word' id='word_1_30' title='bbox 579 719 633 774; x_wconf 82' lang='lat' dir='ltr'><strong>quo</strong></span> <span class='ocrx_word' id='word_1_31' title='bbox 647 720 731 757; x_wconf 79' lang='lat' dir='ltr'><strong>causo</strong></span> <span class='ocrx_word' id='word_1_32' title='bbox 745 704 813 756; x_wconf 81' lang='lat' dir='ltr'><strong>odeo</strong></span> <span class='ocrx_word' id='word_1_33' title='bbox 826 704 995 774; x_wconf 81' lang='lat' dir='ltr'><strong>properabat</strong></span> 
     </span>
     <span class='ocr_line' id='line_1_7' title="bbox 254 782 1090 854; baseline -0.002 -15"><span class='ocrx_word' id='word_1_34' title='bbox 254 785 362 848; x_wconf 75' lang='lat' dir='ltr'><strong>Bestia,</strong></span> <span class='ocrx_word' id='word_1_35' title='bbox 379 801 448 854; x_wconf 84' lang='lat' dir='ltr'><strong>quoe</strong></span> <span class='ocrx_word' id='word_1_36' title='bbox 463 799 555 837; x_wconf 83' lang='lat' dir='ltr'><strong>moero</strong></span> <span class='ocrx_word' id='word_1_37' title='bbox 569 791 612 836; x_wconf 88' lang='lat' dir='ltr'><strong>est</strong></span> <span class='ocrx_word' id='word_1_38' title='bbox 626 790 655 835; x_wconf 83' lang='lat' dir='ltr'><strong>st</strong></span> <span class='ocrx_word' id='word_1_39' title='bbox 668 782 818 846; x_wconf 71' lang='lat' dir='ltr'>claudicat,</span> <span class='ocrx_word' id='word_1_40' title='bbox 833 783 861 836; x_wconf 93' lang='lat' dir='ltr'><strong>in</strong></span> <span class='ocrx_word' id='word_1_41' title='bbox 875 798 929 853; x_wconf 81' lang='lat' dir='ltr'><strong>qus</strong></span> <span class='ocrx_word' id='word_1_42' title='bbox 943 782 1090 852; x_wconf 80' lang='lat' dir='ltr'><strong>equitssti?</strong></span> 
     </span>
     <span class='ocr_line' id='line_1_8' title="bbox 254 862 974 932; baseline -0.004 -13"><span class='ocrx_word' id='word_1_43' title='bbox 254 865 315 920; x_wconf 86' lang='lat' dir='ltr'><strong>Non</strong></span> <span class='ocrx_word' id='word_1_44' title='bbox 329 864 420 918; x_wconf 90' lang='lat' dir='ltr'><strong>timuit</strong></span> <span class='ocrx_word' id='word_1_45' title='bbox 432 880 488 927; x_wconf 85' lang='lat' dir='ltr'><strong>me,</strong></span> <span class='ocrx_word' id='word_1_46' title='bbox 504 864 551 916; x_wconf 88' lang='lat' dir='ltr'><strong>sed</strong></span> <span class='ocrx_word' id='word_1_47' title='bbox 565 863 660 916; x_wconf 89' lang='lat' dir='ltr'><strong>durum</strong></span> <span class='ocrx_word' id='word_1_48' title='bbox 675 868 811 932; x_wconf 87' lang='lat' dir='ltr'><strong>sceptrum</strong></span> <span class='ocrx_word' id='word_1_49' title='bbox 825 862 974 916; x_wconf 76' lang='lat' dir='ltr'><strong>metuebat.</strong></span> 
     </span>
    </p>
   </div>
   <div class='ocr_carea' id='block_1_2' title="bbox 149 935 976 1079">
    <p class='ocr_par' dir='ltr' id='par_1_4' title="bbox 149 935 976 1079">
     <span class='ocr_line' id='line_1_9' title="bbox 149 935 976 1014; baseline -0.008 -14"><span class='ocrx_word' id='word_1_50' title='bbox 149 938 189 999; x_wconf 72' lang='lat' dir='ltr'><strong>t).</strong></span> <span class='ocrx_word' id='word_1_51' title='bbox 199 935 235 1000; x_wconf 71' lang='grc' dir='ltr'><strong>Θ.</strong></span> <span class='ocrx_word' id='word_1_52' title='bbox 251 946 336 999; x_wconf 85' lang='lat' dir='ltr'>Ecce!</span> <span class='ocrx_word' id='word_1_53' title='bbox 352 943 436 1006; x_wconf 76' lang='lat' dir='ltr'><strong>viros,</strong></span> <span class='ocrx_word' id='word_1_54' title='bbox 451 958 550 1012; x_wconf 88' lang='lat' dir='ltr'><strong>pueros</strong></span> <span class='ocrx_word' id='word_1_55' title='bbox 565 944 689 1014; x_wconf 84' lang='lat' dir='ltr'><strong>equitare</strong></span> <span class='ocrx_word' id='word_1_56' title='bbox 704 941 731 995; x_wconf 90' lang='lat' dir='ltr'><strong>in</strong></span> <span class='ocrx_word' id='word_1_57' title='bbox 745 942 875 995; x_wconf 84' lang='lat' dir='ltr'><strong>arundine</strong></span> <span class='ocrx_word' id='word_1_58' title='bbox 889 942 976 1012; x_wconf 81' lang='lat' dir='ltr'><strong>longo</strong></span> 
     </span>
     <span class='ocr_line' id='line_1_10' title="bbox 253 1023 542 1079; baseline -0.007 0"><span class='ocrx_word' id='word_1_59' title='bbox 253 1025 348 1079; x_wconf 84' lang='lat' dir='ltr'><strong>Nonne</strong></span> <span class='ocrx_word' id='word_1_60' title='bbox 362 1023 453 1078; x_wconf 81' lang='lat' dir='ltr'><strong>vides?</strong></span> <span class='ocrx_word' id='word_1_61' title='bbox 464 1063 542 1079; x_wconf 92' lang='lat'><strong>.....</strong></span> 
     </span>
    </p>
   </div>
   <div class='ocr_carea' id='block_1_3' title="bbox 622 1230 669 1283">
    <p class='ocr_par' dir='ltr' id='par_1_5' title="bbox 622 1230 669 1283">
     <span class='ocr_line' id='line_1_11' title="bbox 622 1230 669 1283; baseline -0.021 0"><span class='ocrx_word' id='word_1_62' title='bbox 622 1230 669 1283; x_wconf 82' lang='lat'><strong>60.</strong></span> 
     </span>
    </p>
   </div>
   <div class='ocr_carea' id='block_1_4' title="bbox 152 1331 1016 1800">
    <p class='ocr_par' dir='ltr' id='par_1_6' title="bbox 207 1331 1016 1632">
     <span class='ocr_line' id='line_1_12' title="bbox 207 1331 1001 1400; baseline -0.003 -13"><span class='ocrx_word' id='word_1_63' title='bbox 207 1333 233 1387; x_wconf 93' lang='lat'><strong>1.</strong></span> <span class='ocrx_word' id='word_1_64' title='bbox 254 1333 314 1387; x_wconf 88' lang='lat' dir='ltr'><strong>Non</strong></span> <span class='ocrx_word' id='word_1_65' title='bbox 328 1333 421 1396; x_wconf 86' lang='lat' dir='ltr'><strong>homo,</strong></span> <span class='ocrx_word' id='word_1_66' title='bbox 436 1351 491 1386; x_wconf 91' lang='lat' dir='ltr'><strong>non</strong></span> <span class='ocrx_word' id='word_1_67' title='bbox 505 1331 583 1384; x_wconf 82' lang='lat' dir='ltr'><strong>fortis</strong></span> <span class='ocrx_word' id='word_1_68' title='bbox 597 1332 655 1394; x_wconf 88' lang='lat' dir='ltr'><strong>leo,</strong></span> <span class='ocrx_word' id='word_1_69' title='bbox 670 1349 721 1385; x_wconf 88' lang='lat' dir='ltr'><strong>nec</strong></span> <span class='ocrx_word' id='word_1_70' title='bbox 734 1349 776 1385; x_wconf 89' lang='lat' dir='ltr'><strong>me</strong></span> <span class='ocrx_word' id='word_1_71' title='bbox 791 1331 891 1384; x_wconf 80' lang='lat' dir='ltr'><strong>callida</strong></span> <span class='ocrx_word' id='word_1_72' title='bbox 905 1331 1001 1400; x_wconf 81' lang='lat' dir='ltr'><strong>vulpes</strong></span> 
     </span>
     <span class='ocr_line' id='line_1_13' title="bbox 254 1410 1016 1481; baseline -0.004 -14"><span class='ocrx_word' id='word_1_73' title='bbox 254 1413 386 1468; x_wconf 83' lang='lat' dir='ltr'><strong>Possidet</strong></span> <span class='ocrx_word' id='word_1_74' title='bbox 410 1414 462 1465; x_wconf 87' lang='lat' dir='ltr'><strong>Est</strong></span> <span class='ocrx_word' id='word_1_75' title='bbox 476 1428 560 1481; x_wconf 86' lang='lat' dir='ltr'><strong>equus</strong></span> <span class='ocrx_word' id='word_1_76' title='bbox 575 1410 622 1464; x_wconf 85' lang='lat' dir='ltr'><strong>ille</strong></span> <span class='ocrx_word' id='word_1_77' title='bbox 638 1412 785 1480; x_wconf 89' lang='lat' dir='ltr'><strong>superbus,</strong></span> <span class='ocrx_word' id='word_1_78' title='bbox 801 1417 844 1464; x_wconf 85' lang='lat' dir='ltr'><strong>est</strong></span> <span class='ocrx_word' id='word_1_79' title='bbox 858 1411 1016 1481; x_wconf 84' lang='lat' dir='ltr'><strong>asinosque,</strong></span> 
     </span>
     <span class='ocr_line' id='line_1_14' title="bbox 255 1490 885 1561; baseline -0.002 -16"><span class='ocrx_word' id='word_1_80' title='bbox 255 1492 363 1559; x_wconf 79' lang='lat' dir='ltr'><strong>Expers</strong></span> <span class='ocrx_word' id='word_1_81' title='bbox 378 1491 493 1561; x_wconf 82' lang='lat' dir='ltr'><strong>ingenii,</strong></span> <span class='ocrx_word' id='word_1_82' title='bbox 508 1490 566 1560; x_wconf 88' lang='lat' dir='ltr'><strong>qui,</strong></span> <span class='ocrx_word' id='word_1_83' title='bbox 582 1491 656 1544; x_wconf 88' lang='lat' dir='ltr'><strong>solus</strong></span> <span class='ocrx_word' id='word_1_84' title='bbox 670 1492 810 1560; x_wconf 82' lang='lat' dir='ltr'><strong>praeditus</strong></span> <span class='ocrx_word' id='word_1_85' title='bbox 825 1492 885 1545; x_wconf 84' lang='lat' dir='ltr'><strong>exit</strong></span> 
     </span>
     <span class='ocr_line' id='line_1_15' title="bbox 255 1571 574 1632; baseline -0.003 -7"><span class='ocrx_word' id='word_1_86' title='bbox 255 1571 313 1632; x_wconf 87' lang='lat' dir='ltr'><strong>Me,</strong></span> <span class='ocrx_word' id='word_1_87' title='bbox 329 1588 366 1623; x_wconf 82' lang='lat' dir='ltr'><strong>ex</strong></span> <span class='ocrx_word' id='word_1_88' title='bbox 380 1572 490 1624; x_wconf 74' lang='lat' dir='ltr'><strong>stabulo</strong></span> <span class='ocrx_word' id='word_1_89' title='bbox 499 1609 574 1624; x_wconf 91' lang='grc'><strong>.....</strong></span> 
     </span>
    </p>

    <p class='ocr_par' dir='ltr' id='par_1_7' title="bbox 152 1647 981 1800">
     <span class='ocr_line' id='line_1_16' title="bbox 165 1647 896 1720; baseline 0.001 -18"><span class='ocrx_word' id='word_1_90' title='bbox 165 1648 192 1702; x_wconf 85' lang='grc'><strong>2.</strong></span> <span class='ocrx_word' id='word_1_91' title='bbox 205 1647 232 1701; x_wconf 90' lang='lat'><strong>3.</strong></span> <span class='ocrx_word' id='word_1_92' title='bbox 255 1649 342 1703; x_wconf 87' lang='lat' dir='ltr'>Vilior</span> <span class='ocrx_word' id='word_1_93' title='bbox 356 1656 485 1720; x_wconf 76' lang='lat' dir='ltr'><strong>urgento,</strong></span> <span class='ocrx_word' id='word_1_94' title='bbox 501 1650 603 1712; x_wconf 80' lang='lat' dir='ltr'><strong>fateor,</strong></span> <span class='ocrx_word' id='word_1_95' title='bbox 618 1656 709 1703; x_wconf 82' lang='lat' dir='ltr'><strong>tamen</strong></span> <span class='ocrx_word' id='word_1_96' title='bbox 723 1648 816 1704; x_wconf 89' lang='lat' dir='ltr'><strong>utilior</strong></span> <span class='ocrx_word' id='word_1_97' title='bbox 829 1665 896 1703; x_wconf 89' lang='lat' dir='ltr'><strong>sum.</strong></span> 
     </span>
     <span class='ocr_line' id='line_1_17' title="bbox 152 1723 981 1800; baseline -0.004 -15"><span class='ocrx_word' id='word_1_98' title='bbox 152 1723 191 1785; x_wconf 62' lang='grc' dir='ltr'><strong>Φ.</strong></span> <span class='ocrx_word' id='word_1_99' title='bbox 203 1723 240 1786; x_wconf 76' lang='lat' dir='ltr'><strong>ut.</strong></span> <span class='ocrx_word' id='word_1_100' title='bbox 256 1729 417 1799; x_wconf 84' lang='lat' dir='ltr'><strong>Adjutorem</strong></span> <span class='ocrx_word' id='word_1_101' title='bbox 431 1730 477 1800; x_wconf 88' lang='lat' dir='ltr'><strong>qui</strong></span> <span class='ocrx_word' id='word_1_102' title='bbox 490 1747 533 1782; x_wconf 89' lang='lat' dir='ltr'><strong>me</strong></span> <span class='ocrx_word' id='word_1_103' title='bbox 546 1729 645 1791; x_wconf 86' lang='lat' dir='ltr'><strong>habet,</strong></span> <span class='ocrx_word' id='word_1_104' title='bbox 661 1728 683 1781; x_wconf 92' lang='lat' dir='ltr'><strong>is</strong></span> <span class='ocrx_word' id='word_1_105' title='bbox 698 1728 788 1781; x_wconf 84' lang='lat' dir='ltr'><strong>cslcat</strong></span> <span class='ocrx_word' id='word_1_106' title='bbox 801 1728 915 1798; x_wconf 85' lang='lat' dir='ltr'><strong>pedibus</strong></span> <span class='ocrx_word' id='word_1_107' title='bbox 929 1747 981 1784; x_wconf 88' lang='lat' dir='ltr'><strong>me.</strong></span> 
     </span>
    </p>
   </div>
   <div class='ocr_carea' id='block_1_5' title="bbox 622 1930 670 1984">
    <p class='ocr_par' dir='ltr' id='par_1_8' title="bbox 622 1930 670 1984">
     <span class='ocr_line' id='line_1_18' title="bbox 622 1930 670 1984; baseline -0.021 0"><span class='ocrx_word' id='word_1_108' title='bbox 622 1930 670 1984; x_wconf 91' lang='grc'><strong>61.</strong></span> 
     </span>
    </p>
   </div>
   <div class='ocr_carea' id='block_1_6' title="bbox 43 2029 1055 2740">
    <p class='ocr_par' dir='ltr' id='par_1_9' title="bbox 43 2029 1055 2740">
     <span class='ocr_line' id='line_1_19' title="bbox 166 2029 968 2104; baseline -0.001 -19"><span class='ocrx_word' id='word_1_109' title='bbox 166 2030 192 2085; x_wconf 93' lang='lat'><strong>1.</strong></span> <span class='ocrx_word' id='word_1_110' title='bbox 205 2029 232 2085; x_wconf 80' lang='lat' dir='ltr'><strong>c.</strong></span> <span class='ocrx_word' id='word_1_111' title='bbox 256 2031 291 2094; x_wconf 86' lang='lat'><strong>0,</strong></span> <span class='ocrx_word' id='word_1_112' title='bbox 306 2037 337 2084; x_wconf 90' lang='lat' dir='ltr'><strong>tu</strong></span> <span class='ocrx_word' id='word_1_113' title='bbox 351 2049 448 2086; x_wconf 90' lang='lat' dir='ltr'><strong>nomen</strong></span> <span class='ocrx_word' id='word_1_114' title='bbox 463 2037 593 2096; x_wconf 77' lang='lat' dir='ltr'><strong>amatum,</strong></span> <span class='ocrx_word' id='word_1_115' title='bbox 608 2038 639 2086; x_wconf 93' lang='lat' dir='ltr'><strong>tu</strong></span> <span class='ocrx_word' id='word_1_116' title='bbox 654 2031 838 2104; x_wconf 81' lang='lat' dir='ltr'><strong>dignissimum</strong></span> <span class='ocrx_word' id='word_1_117' title='bbox 851 2030 968 2085; x_wconf 83' lang='lat' dir='ltr'><strong>honore!</strong></span> 
     </span>
     <span class='ocr_line' id='line_1_20' title="bbox 254 2111 1055 2182; baseline 0 -16"><span class='ocrx_word' id='word_1_118' title='bbox 254 2111 429 2177; x_wconf 82' lang='lat' dir='ltr'><strong>inconstans,</strong></span> <span class='ocrx_word' id='word_1_119' title='bbox 442 2119 551 2166; x_wconf 81' lang='lat' dir='ltr'><strong>mutans</strong></span> <span class='ocrx_word' id='word_1_120' title='bbox 566 2127 642 2166; x_wconf 82' lang='lat' dir='ltr'><strong>umor</strong></span> <span class='ocrx_word' id='word_1_121' title='bbox 655 2119 711 2167; x_wconf 85' lang='lat' dir='ltr'><strong>est:</strong></span> <span class='ocrx_word' id='word_1_122' title='bbox 727 2117 755 2165; x_wconf 90' lang='lat' dir='ltr'><strong>te</strong></span> <span class='ocrx_word' id='word_1_123' title='bbox 769 2129 824 2164; x_wconf 91' lang='lat' dir='ltr'><strong>non</strong></span> <span class='ocrx_word' id='word_1_124' title='bbox 837 2111 910 2182; x_wconf 76' lang='lat' dir='ltr'><strong>sugit</strong></span> <span class='ocrx_word' id='word_1_125' title='bbox 924 2127 1055 2182; x_wconf 80' lang='lat' dir='ltr'><strong>unquam,</strong></span> 
     </span>
     <span class='ocr_line' id='line_1_21' title="bbox 255 2190 1030 2262; baseline 0.001 -19"><span class='ocrx_word' id='word_1_126' title='bbox 255 2190 356 2244; x_wconf 87' lang='lat' dir='ltr'><strong>Verum</strong></span> <span class='ocrx_word' id='word_1_127' title='bbox 369 2198 512 2262; x_wconf 80' lang='lat' dir='ltr'><strong>pennonet</strong></span> <span class='ocrx_word' id='word_1_128' title='bbox 525 2191 553 2245; x_wconf 91' lang='lat' dir='ltr'><strong>iu</strong></span> <span class='ocrx_word' id='word_1_129' title='bbox 567 2197 609 2256; x_wconf 90' lang='lat' dir='ltr'><strong>te,</strong></span> <span class='ocrx_word' id='word_1_130' title='bbox 624 2199 654 2246; x_wconf 82' lang='lat' dir='ltr'><strong>et</strong></span> <span class='ocrx_word' id='word_1_131' title='bbox 668 2210 722 2246; x_wconf 91' lang='lat' dir='ltr'><strong>nou</strong></span> <span class='ocrx_word' id='word_1_132' title='bbox 734 2191 884 2246; x_wconf 78' lang='lat' dir='ltr'><strong>mutabitur</strong></span> <span class='ocrx_word' id='word_1_133' title='bbox 897 2206 1030 2261; x_wconf 83' lang='lat' dir='ltr'><strong>unquom;</strong></span> 
     </span>
     <span class='ocr_line' id='line_1_22' title="bbox 43 2267 925 2342; baseline 0 -20"><span class='ocrx_word' id='word_1_134' title='bbox 43 2287 50 2316; x_wconf 68' lang='grc' dir='ltr'>ι</span> <span class='ocrx_word' id='word_1_135' title='bbox 167 2291 170 2300; x_wconf 89' lang='grc'><strong><em>·</em></strong></span> <span class='ocrx_word' id='word_1_136' title='bbox 255 2267 368 2323; x_wconf 88' lang='lat' dir='ltr'><strong>Deserit</strong></span> <span class='ocrx_word' id='word_1_137' title='bbox 381 2271 506 2342; x_wconf 84' lang='lat' dir='ltr'><strong>indignos</strong></span> <span class='ocrx_word' id='word_1_138' title='bbox 521 2287 609 2336; x_wconf 81' lang='lat' dir='ltr'><strong>emor,</strong></span> <span class='ocrx_word' id='word_1_139' title='bbox 625 2278 656 2326; x_wconf 84' lang='lat' dir='ltr'><strong>st</strong></span> <span class='ocrx_word' id='word_1_140' title='bbox 669 2290 722 2325; x_wconf 90' lang='lat' dir='ltr'><strong>non</strong></span> <span class='ocrx_word' id='word_1_141' title='bbox 737 2271 838 2324; x_wconf 88' lang='lat' dir='ltr'><strong>deserit</strong></span> <span class='ocrx_word' id='word_1_142' title='bbox 851 2269 925 2333; x_wconf 85' lang='lat' dir='ltr'><strong>illos,</strong></span> 
     </span>
     <span class='ocr_line' id='line_1_23' title="bbox 258 2349 936 2419; baseline 0.004 -18"><span class='ocrx_word' id='word_1_143' title='bbox 258 2349 330 2411; x_wconf 84' lang='lat' dir='ltr'><strong>Quos</strong></span> <span class='ocrx_word' id='word_1_144' title='bbox 345 2350 444 2419; x_wconf 80' lang='lat' dir='ltr'><strong>tejam</strong></span> <span class='ocrx_word' id='word_1_145' title='bbox 458 2355 557 2406; x_wconf 75' lang='lat' dir='ltr'><strong>notura</strong></span> <span class='ocrx_word' id='word_1_146' title='bbox 571 2353 651 2405; x_wconf 89' lang='lat' dir='ltr'><strong>docet</strong></span> <span class='ocrx_word' id='word_1_147' title='bbox 664 2351 822 2405; x_wconf 80' lang='lat' dir='ltr'><strong>constanter</strong></span> <span class='ocrx_word' id='word_1_148' title='bbox 835 2365 936 2404; x_wconf 82' lang='lat' dir='ltr'><strong>emere.</strong></span> 
     </span>
     <span class='ocr_line' id='line_1_24' title="bbox 206 2428 937 2501; baseline -0.001 -18"><span class='ocrx_word' id='word_1_149' title='bbox 206 2428 234 2483; x_wconf 89' lang='grc'><strong>3.</strong></span> <span class='ocrx_word' id='word_1_150' title='bbox 257 2429 309 2484; x_wconf 82' lang='lat' dir='ltr'><strong>Est</strong></span> <span class='ocrx_word' id='word_1_151' title='bbox 321 2431 419 2484; x_wconf 89' lang='lat' dir='ltr'><strong>donum</strong></span> <span class='ocrx_word' id='word_1_152' title='bbox 432 2437 561 2494; x_wconf 75' lang='lat' dir='ltr'><strong>naturae,</strong></span> <span class='ocrx_word' id='word_1_153' title='bbox 576 2447 626 2500; x_wconf 86' lang='lat' dir='ltr'><strong>per</strong></span> <span class='ocrx_word' id='word_1_154' title='bbox 640 2432 711 2501; x_wconf 92' lang='lat' dir='ltr'><strong>quod</strong></span> <span class='ocrx_word' id='word_1_155' title='bbox 724 2435 864 2500; x_wconf 77' lang='lat' dir='ltr'><strong>comparet</strong></span> <span class='ocrx_word' id='word_1_156' title='bbox 877 2429 937 2494; x_wconf 87' lang='lat' dir='ltr'><strong>ille,</strong></span> 
     </span>
     <span class='ocr_line' id='line_1_25' title="bbox 258 2509 952 2579; baseline 0 -17"><span class='ocrx_word' id='word_1_157' title='bbox 258 2509 310 2572; x_wconf 83' lang='lat' dir='ltr'><strong>Qui</strong></span> <span class='ocrx_word' id='word_1_158' title='bbox 323 2509 391 2564; x_wconf 83' lang='lat' dir='ltr'><strong>illud</strong></span> <span class='ocrx_word' id='word_1_159' title='bbox 404 2509 539 2579; x_wconf 82' lang='lat' dir='ltr'><strong>possidet,</strong></span> <span class='ocrx_word' id='word_1_160' title='bbox 553 2510 625 2563; x_wconf 86' lang='lat' dir='ltr'><strong>inter</strong></span> <span class='ocrx_word' id='word_1_161' title='bbox 638 2527 668 2563; x_wconf 90' lang='lat' dir='ltr'><strong>se</strong></span> <span class='ocrx_word' id='word_1_162' title='bbox 681 2526 734 2564; x_wconf 85' lang='lat' dir='ltr'><strong>res.</strong></span> <span class='ocrx_word' id='word_1_163' title='bbox 755 2511 856 2564; x_wconf 78' lang='lat' dir='ltr'><strong>Rident</strong></span> <span class='ocrx_word' id='word_1_164' title='bbox 868 2509 952 2563; x_wconf 78' lang='lat' dir='ltr'><strong>citer!</strong></span> 
     </span>
     <span class='ocr_line' id='line_1_26' title="bbox 152 2579 993 2660; baseline -0.004 -16"><span class='ocrx_word' id='word_1_165' title='bbox 152 2581 191 2644; x_wconf 55' lang='grc' dir='ltr'><strong>ὦ.</strong></span> <span class='ocrx_word' id='word_1_166' title='bbox 201 2579 239 2644; x_wconf 72' lang='grc' dir='ltr'><strong>Θ.</strong></span> <span class='ocrx_word' id='word_1_167' title='bbox 253 2589 381 2652; x_wconf 78' lang='lat' dir='ltr'><strong>Paulum,</strong></span> <span class='ocrx_word' id='word_1_168' title='bbox 397 2591 468 2660; x_wconf 91' lang='lat' dir='ltr'><strong>quod</strong></span> <span class='ocrx_word' id='word_1_169' title='bbox 481 2594 583 2642; x_wconf 83' lang='lat' dir='ltr'><strong>ustura</strong></span> <span class='ocrx_word' id='word_1_170' title='bbox 596 2589 681 2654; x_wconf 87' lang='lat' dir='ltr'><strong>dedit,</strong></span> <span class='ocrx_word' id='word_1_171' title='bbox 693 2589 753 2659; x_wconf 82' lang='lat' dir='ltr'><strong>jorn</strong></span> <span class='ocrx_word' id='word_1_172' title='bbox 765 2591 828 2659; x_wconf 86' lang='lat' dir='ltr'><strong>plus</strong></span> <span class='ocrx_word' id='word_1_173' title='bbox 842 2589 920 2644; x_wconf 82' lang='lat' dir='ltr'><strong>volet</strong></span> <span class='ocrx_word' id='word_1_174' title='bbox 931 2589 993 2652; x_wconf 91' lang='lat' dir='ltr'><strong>illo,</strong></span> 
     </span>
     <span class='ocr_line' id='line_1_27' title="bbox 259 2665 943 2740; baseline 0.003 -18"><span class='ocrx_word' id='word_1_175' title='bbox 259 2669 336 2730; x_wconf 83' lang='lat' dir='ltr'><strong>Quod</strong></span> <span class='ocrx_word' id='word_1_176' title='bbox 350 2667 398 2738; x_wconf 86' lang='lat' dir='ltr'><strong>(sit</strong></span> <span class='ocrx_word' id='word_1_177' title='bbox 412 2669 491 2738; x_wconf 82' lang='lat' dir='ltr'><strong>copis</strong></span> <span class='ocrx_word' id='word_1_178' title='bbox 503 2665 618 2740; x_wconf 78' lang='lat' dir='ltr'><strong>mogus)</strong></span> <span class='ocrx_word' id='word_1_179' title='bbox 633 2687 670 2724; x_wconf 79' lang='lat' dir='ltr'><strong>ex</strong></span> <span class='ocrx_word' id='word_1_180' title='bbox 682 2669 759 2725; x_wconf 88' lang='lat' dir='ltr'><strong>libris</strong></span> <span class='ocrx_word' id='word_1_181' title='bbox 774 2676 805 2722; x_wconf 92' lang='lat' dir='ltr'><strong>tu</strong></span> <span class='ocrx_word' id='word_1_182' title='bbox 818 2667 943 2724; x_wconf 90' lang='lat' dir='ltr'><strong>didicisti.</strong></span> 
     </span>
    </p>
   </div>
   <div class='ocr_carea' id='block_1_7' title="bbox 627 2889 674 2946">
    <p class='ocr_par' dir='ltr' id='par_1_10' title="bbox 627 2889 674 2946">
     <span class='ocr_line' id='line_1_28' title="bbox 627 2889 674 2946; baseline 0.043 -2"><span class='ocrx_word' id='word_1_183' title='bbox 627 2889 674 2946; x_wconf 83' lang='lat'><strong>62.</strong></span> 
     </span>
    </p>
   </div>
   <div class='ocr_carea' id='block_1_8' title="bbox 210 2987 1147 3225">
    <p class='ocr_par' dir='ltr' id='par_1_11' title="bbox 210 2987 1147 3225">
     <span class='ocr_line' id='line_1_29' title="bbox 210 2987 955 3066; baseline 0.005 -22"><span class='ocrx_word' id='word_1_184' title='bbox 210 2988 236 3044; x_wconf 91' lang='lat'><strong>1.</strong></span> <span class='ocrx_word' id='word_1_185' title='bbox 259 2990 431 3047; x_wconf 81' lang='lat' dir='ltr'><strong>conveniunt</strong></span> <span class='ocrx_word' id='word_1_186' title='bbox 443 2994 500 3058; x_wconf 89' lang='lat' dir='ltr'><strong>hio,</strong></span> <span class='ocrx_word' id='word_1_187' title='bbox 515 2998 548 3048; x_wconf 96' lang='lat' dir='ltr'><strong>ut</strong></span> <span class='ocrx_word' id='word_1_188' title='bbox 556 2987 690 3066; x_wconf 80' lang='lat' dir='ltr'><strong>jng&#39;mlont</strong></span> <span class='ocrx_word' id='word_1_189' title='bbox 703 3011 745 3060; x_wconf 91' lang='lat' dir='ltr'><strong>ss,</strong></span> <span class='ocrx_word' id='word_1_190' title='bbox 760 2993 847 3050; x_wconf 77' lang='lat' dir='ltr'><strong>millis</strong></span> <span class='ocrx_word' id='word_1_191' title='bbox 858 2994 955 3050; x_wconf 83' lang='lat' dir='ltr'><strong>multa.</strong></span> 
     </span>
     <span class='ocr_line' id='line_1_30' title="bbox 258 3069 1147 3144; baseline 0.004 -21"><span class='ocrx_word' id='word_1_192' title='bbox 258 3069 330 3136; x_wconf 83' lang='lat' dir='ltr'><strong>Fini,</strong></span> <span class='ocrx_word' id='word_1_193' title='bbox 345 3071 382 3126; x_wconf 86' lang='lat' dir='ltr'><strong>mi</strong></span> <span class='ocrx_word' id='word_1_194' title='bbox 395 3072 484 3136; x_wconf 88' lang='lat' dir='ltr'><strong>Deus,</strong></span> <span class='ocrx_word' id='word_1_195' title='bbox 497 3073 608 3130; x_wconf 79' lang='lat' dir='ltr'><strong>horrido</strong></span> <span class='ocrx_word' id='word_1_196' title='bbox 620 3075 696 3130; x_wconf 74' lang='lat' dir='ltr'><strong>bella</strong></span> <span class='ocrx_word' id='word_1_197' title='bbox 708 3075 898 3144; x_wconf 81' lang='lat' dir='ltr'><strong>hominumque</strong></span> <span class='ocrx_word' id='word_1_198' title='bbox 911 3073 1031 3128; x_wconf 80' lang='lat' dir='ltr'><strong>dolores!</strong></span> <span class='ocrx_word' id='word_1_199' title='bbox 1145 3098 1147 3104; x_wconf 54' lang='lat'><strong><em>¹</em></strong></span> 
     </span>
     <span class='ocr_line' id='line_1_31' title="bbox 259 3149 896 3225; baseline 0.003 -21"><span class='ocrx_word' id='word_1_200' title='bbox 259 3149 302 3204; x_wconf 81' lang='lat' dir='ltr'><strong>Tu</strong></span> <span class='ocrx_word' id='word_1_201' title='bbox 315 3151 390 3206; x_wconf 90' lang='lat' dir='ltr'><strong>solus</strong></span> <span class='ocrx_word' id='word_1_202' title='bbox 403 3149 516 3207; x_wconf 79' lang='lat' dir='ltr'><strong>miseros</strong></span> <span class='ocrx_word' id='word_1_203' title='bbox 528 3160 609 3225; x_wconf 84' lang='lat' dir='ltr'><strong>potes</strong></span> <span class='ocrx_word' id='word_1_204' title='bbox 624 3154 697 3209; x_wconf 76' lang='lat' dir='ltr'><strong>alna</strong></span> <span class='ocrx_word' id='word_1_205' title='bbox 710 3170 778 3224; x_wconf 81' lang='lat' dir='ltr'><strong>poce</strong></span> <span class='ocrx_word' id='word_1_206' title='bbox 789 3151 896 3221; x_wconf 70' lang='lat' dir='ltr'><strong>Junue.</strong></span> 
     </span>
    </p>
   </div>
   <div class='ocr_carea' id='block_1_9' title="bbox 0 0 1272 3576">
    <p class='ocr_par' dir='ltr' id='par_1_12' title="bbox 0 0 1272 3576">
     <span class='ocr_line' id='line_1_32' title="bbox 0 0 1272 3576; baseline 0 0"><span class='ocrx_word' id='word_1_207' title='bbox 0 0 1272 3576; x_wconf 95' lang='lat' dir='ltr'><strong> </strong></span> 
     </span>
    </p>
   </div>
  </div>
 </body>
</html>
