2548 3572
449 253 479 300 ll.
490 251 644 316 Aenigmata
654 251 791 312 syllabica.-

583 404 648 460 108.

94 511 125 563 1.
139 509 177 563 2.
206 509 368 571 vivebant,
383 508 524 573 vixerunt,
539 507 649 564 vixerat
662 526 732 562 unus
747 514 777 561 et
790 505 849 577 ejus

117 583 120 586 ’
210 587 295 642 Uxor
307 587 404 658 primo.
426 589 556 642 Patribus
569 589 611 642 his
626 596 656 642 et
668 589 801 643 matribus
815 603 880 641 usus

216 668 283 722 Sum
289 705 381 722 ......

147 749 185 802 3.
219 747 271 810 Qui
284 747 383 801 meruit
396 749 467 800 bene
481 750 514 801 de
528 748 576 802 illo
591 754 641 802 aut
653 747 718 811 hoc,
734 754 783 802 aut
796 749 829 801 de
843 747 947 818 patria,
963 747 1040 804 illum

217 827 270 881 Hic
283 829 363 881 decet
376 828 491 881 omnino.
514 831 581 890 Ast,
597 828 620 880 si
635 829 695 897 quis
708 827 777 880 nulli
791 827 940 891 benefecit,
1004 849 1006 854 ’

215 907 314 976 Illique
330 923 348 960 a
361 908 438 960 nulla
450 913 530 976 parte
545 914 589 960 est
601 907 777 961 memorabile
790 925 901 971 nomen,
941 927 949 940 ·

217 991 350 1041 Attamen
364 991 408 1039 est
420 986 529 1040 indatus
543 1003 594 1055 per
606 1005 661 1049 me,
677 993 767 1039 mente
782 1003 878 1040 carens
892 993 943 1040 est.

87 1067 137 1128 SD.
152 1064 201 1126 Θ.
223 1067 293 1130 „Cur
306 1072 436 1119 ventosus
450 1067 538 1119 fastus
553 1066 614 1136 agit
626 1071 673 1119 te?
687 1066 812 1120 Forsitan
825 1072 881 1132 εει,
897 1067 968 1136 quod

222 1146 356 1217 „Magnae
370 1162 413 1198 res
427 1145 572 1216 gessistit“
590 1147 664 1208 Nom
679 1145 755 1199 atavi
765 1184 841 1199 .....

584 1347 648 1402 109.

109 1487 120 1512 ,
168 1450 195 1502 1.
218 1447 275 1502 Νοε
289 1446 436 1516 conjuncta
450 1449 545 1503 cohors
560 1455 690 1501 nocturno
704 1455 826 1517 tempore
841 1453 957 1512 stamus,

216 1527 273 1580 Nos
288 1534 445 1598 stemusque
458 1528 567 1590 diurna,
582 1527 718 1581 custodire
731 1527 835 1596 parati,

219 1607 294 1669 Quae
309 1607 440 1670 tussiat,
455 1614 484 1660 et
498 1614 598 1660 cuncta
609 1606 733 1676 pericula
745 1623 800 1660 non
814 1605 980 1676 ιιιςὶιεειιιιεςΙ

218 1686 279 1740 Nou
293 1687 413 1756 capimus
427 1689 589 1750 mercedem,
604 1687 680 1740 illem
695 1704 749 1742 uon
764 1686 955 1740 desideramus.

120 1765 152 1818 2.
164 1764 191 1819 3.
214 1766 266 1818 Est
279 1765 370 1820 varius
385 1767 435 1820 sub
450 1767 516 1820 luna
529 1766 666 1836 hominum
681 1773 771 1820 status
786 1767 903 1836 ordoque
918 1764 1017 1827 ubivis;
1062 1787 1082 1824 ·,

217 1845 286 1898 Nam
300 1863 348 1899 uos
362 1847 412 1901 bos
426 1845 570 1910 dominari,
585 1846 647 1900 illos
661 1846 763 1900 servire
777 1845 911 1898 videmus:

216 1925 291 1978 Pone
306 1941 397 1979 omnes
411 1924 532 1978 homines
547 1944 583 1980 ex
597 1927 703 1988 ordine,
718 1925 779 1995 quis
793 1931 908 1994 superat
920 1929 981 1977 me?

215 2003 311 2075 Longe
325 2005 463 2073 praecello
478 2006 612 2066 omuibus,
628 2005 722 2058 unicus
737 2003 820 2056 altior
833 2009 877 2056 est
889 2019 941 2058 me.

110 2079 150 2140 52).
163 2077 201 2140 Θ.
216 2084 269 2137 Εει
283 2083 393 2146 titulus,
410 2101 489 2153 quem
503 2085 678 2138 contribuunt
690 2100 776 2152 parvo
790 2082 867 2146 mibi,
882 2099 981 2144 vauus;

216 2162 277 2216 Nou
290 2163 393 2215 reditus
407 2162 473 2217 mihi
486 2163 554 2227 fert,
569 2165 616 2216 sed
631 2178 737 2231 semper
751 2179 809 2215 sum
824 2162 882 2214 sine
896 2178 969 2215 cura.

217 2240 342 2303 Quotidie
356 2243 431 2296 Deus
447 2248 502 2305 est,
518 2242 563 2313 qui
578 2242 696 2295 clemens
709 2241 842 2311 prospicit
855 2242 939 2306 omni,

216 2321 270 2384 Qui
281 2322 370 2377 nutrit
382 2337 433 2375 me.
456 2323 532 2375 Pone
547 2321 672 2392 querelas
687 2327 717 2374 et
730 2337 798 2374 cane
812 2337 924 2377 mecum.

581 2526 646 2582 110.

126 2625 152 2678 1.
169 2623 195 2677 2.
219 2624 441 2694 Tempestatibus
455 2626 539 2680 erecti
553 2628 667 2680 obstant
679 2628 916 2698 temporibusque,

214 2704 252 2759 Et
263 2705 366 2774 pelago
381 2710 411 2758 ει
423 2711 507 2759 terra.
529 2707 635 2760 Heroes
650 2705 688 2759 sic
702 2705 829 2776 impavidi
843 2712 921 2760 stant
1019 2749 1022 2757 ,

216 2783 320 2838 Contra
332 2785 427 2839 hostes
437 2823 516 2838 .....
830 2821 833 2836 .

124 2862 151 2915 3.
166 2861 194 2916 4.
213 2862 330 2932 Propria
341 2869 443 2918 natura
456 2871 500 2918 est
512 2881 586 2929 mea,
602 2881 656 2919 nou
671 2865 785 2918 similem
798 2861 955 2916 invenietis:
1026 2883 1028 2889 s

214 2945 304 2996 Aestu
317 2959 376 2996 sum
390 2944 497 3014 gelidus
510 2959 624 3016 magno,
639 2945 688 2998 sed
701 2943 806 3013 frigore
818 2957 919 3012 magno

215 3020 280 3075 Sum
294 3021 501 3077 calidus.:....

109 3096 149 3158 01.
161 3095 198 3159 Θ.
213 3101 274 3154 Hoc
287 3102 418 3171 templum
430 3103 572 3171 potoribus
585 3109 630 3157 est
642 3115 761 3166 ssorum
776 3102 821 3156 hio
833 3101 880 3172 pie
893 3101 1010 3156 odomnt

213 3183 332 3235 Aestate
339 3218 436 3237 ......
