<?xml version="1.0" encoding="UTF-8"?>
<!DOCTYPE html PUBLIC "-//W3C//DTD XHTML 1.0 Transitional//EN"
    "http://www.w3.org/TR/xhtml1/DTD/xhtml1-transitional.dtd">
<html xmlns="http://www.w3.org/1999/xhtml" xml:lang="en" lang="en">
 <head>
  <title>
</title>
<meta http-equiv="Content-Type" content="text/html;charset=utf-8" />
  <meta name='ocr-system' content='tesseract 3.04.00' />
  <meta name='ocr-capabilities' content='ocr_page ocr_carea ocr_par ocr_line ocrx_word'/>
</head>
<body>
  <div class='ocr_page' id='page_1' title='image "./floresaenigmatu00bindgoog/floresaenigmatu00bindgoog_0132.png"; bbox 0 0 2548 3572; ppageno 0'>
   <div class='ocr_carea' id='block_1_1' title="bbox 512 183 739 270">
    <p class='ocr_par' dir='ltr' id='par_1_1' title="bbox 512 183 739 270">
     <span class='ocr_line' id='line_1_1' title="bbox 512 183 739 270; baseline 0 -2"><span class='ocrx_word' id='word_1_1' title='bbox 512 221 555 268; x_wconf 80' lang='lat' dir='ltr'><strong>lv.</strong></span> <span class='ocrx_word' id='word_1_2' title='bbox 567 183 739 270; x_wconf 65' lang='lat' dir='ltr'><strong>Muccurum</strong></span> 
     </span>
    </p>
   </div>
   <div class='ocr_carea' id='block_1_2' title="bbox 591 375 657 456">
    <p class='ocr_par' dir='ltr' id='par_1_2' title="bbox 591 375 657 456">
     <span class='ocr_line' id='line_1_2' title="bbox 591 375 657 456; baseline 0.03 -26"><span class='ocrx_word' id='word_1_3' title='bbox 591 375 657 456; x_wconf 82' lang='lat' dir='ltr'><strong>mc.</strong></span> 
     </span>
    </p>
   </div>
   <div class='ocr_carea' id='block_1_3' title="bbox 122 472 810 627">
    <p class='ocr_par' dir='ltr' id='par_1_3' title="bbox 122 472 810 627">
     <span class='ocr_line' id='line_1_3' title="bbox 122 472 810 544; baseline -0.013 -7"><span class='ocrx_word' id='word_1_4' title='bbox 122 478 267 537; x_wconf 79' lang='lat' dir='ltr'><strong>Stultitine</strong></span> <span class='ocrx_word' id='word_1_5' title='bbox 281 477 391 532; x_wconf 75' lang='lat' dir='ltr'><strong>leudem</strong></span> <span class='ocrx_word' id='word_1_6' title='bbox 405 472 538 544; x_wconf 77' lang='lat' dir='ltr'><strong>scripsisti</strong></span> <span class='ocrx_word' id='word_1_7' title='bbox 550 473 667 544; x_wconf 72' lang='lat' dir='ltr'><strong>primus,</strong></span> <span class='ocrx_word' id='word_1_8' title='bbox 681 473 810 528; x_wconf 83' lang='lat' dir='ltr'><strong>Erasme:</strong></span> 
     </span>
     <span class='ocr_line' id='line_1_4' title="bbox 163 553 720 627; baseline -0.011 -13"><span class='ocrx_word' id='word_1_9' title='bbox 163 559 269 614; x_wconf 78' lang='lat' dir='ltr'><strong>Iudicat</strong></span> <span class='ocrx_word' id='word_1_10' title='bbox 282 555 422 627; x_wconf 81' lang='lat' dir='ltr'><strong>ingenium</strong></span> <span class='ocrx_word' id='word_1_11' title='bbox 435 553 555 623; x_wconf 79' lang='lat' dir='ltr'><strong>stultitia</strong></span> <span class='ocrx_word' id='word_1_12' title='bbox 568 553 623 608; x_wconf 80' lang='lat' dir='ltr'><strong>istu</strong></span> <span class='ocrx_word' id='word_1_13' title='bbox 635 558 720 608; x_wconf 90' lang='lat' dir='ltr'><strong>tuum</strong></span> 
     </span>
    </p>
   </div>
   <div class='ocr_carea' id='block_1_4' title="bbox 573 725 658 782">
    <p class='ocr_par' dir='ltr' id='par_1_4' title="bbox 573 725 658 782">
     <span class='ocr_line' id='line_1_5' title="bbox 573 725 658 782; baseline -0.024 0"><span class='ocrx_word' id='word_1_14' title='bbox 573 747 575 750; x_wconf 91' lang='lat'>·</span> <span class='ocrx_word' id='word_1_15' title='bbox 593 725 658 782; x_wconf 85' lang='grc'><strong>151.</strong></span> 
     </span>
    </p>
   </div>
   <div class='ocr_carea' id='block_1_5' title="bbox 125 829 871 994">
    <p class='ocr_par' dir='ltr' id='par_1_5' title="bbox 125 829 871 994">
     <span class='ocr_line' id='line_1_6' title="bbox 125 829 871 906; baseline -0.008 -16"><span class='ocrx_word' id='word_1_16' title='bbox 125 835 190 890; x_wconf 74' lang='lat' dir='ltr'><strong>&#39;l&#39;arn</strong></span> <span class='ocrx_word' id='word_1_17' title='bbox 203 833 365 906; x_wconf 78' lang='lat' dir='ltr'><strong>potabilesi</strong></span> <span class='ocrx_word' id='word_1_18' title='bbox 381 833 451 888; x_wconf 81' lang='lat' dir='ltr'><strong>iuret</strong></span> <span class='ocrx_word' id='word_1_19' title='bbox 465 848 573 894; x_wconf 81' lang='lat' dir='ltr'><strong>aurum,</strong></span> <span class='ocrx_word' id='word_1_20' title='bbox 590 830 713 901; x_wconf 80' lang='lat' dir='ltr'><strong>optabile</strong></span> <span class='ocrx_word' id='word_1_21' title='bbox 728 845 808 900; x_wconf 79' lang='lat' dir='ltr'><strong>quam</strong></span> <span class='ocrx_word' id='word_1_22' title='bbox 823 829 871 895; x_wconf 86' lang='lat' dir='ltr'><strong>sit,</strong></span> 
     </span>
     <span class='ocr_line' id='line_1_7' title="bbox 164 911 727 994; baseline -0.009 -26"><span class='ocrx_word' id='word_1_23' title='bbox 164 916 274 978; x_wconf 81' lang='lat' dir='ltr'><strong>Quanta</strong></span> <span class='ocrx_word' id='word_1_24' title='bbox 287 919 351 968; x_wconf 86' lang='lat' dir='ltr'><strong>tuus</strong></span> <span class='ocrx_word' id='word_1_25' title='bbox 364 919 463 967; x_wconf 83' lang='lat' dir='ltr'><strong>venter</strong></span> <span class='ocrx_word' id='word_1_26' title='bbox 476 911 630 966; x_wconf 75' lang='lat' dir='ltr'><strong>aurifodina</strong></span> <span class='ocrx_word' id='word_1_27' title='bbox 642 911 727 994; x_wconf 74' lang='lat' dir='ltr'><strong>foret!</strong></span> 
     </span>
    </p>
   </div>
   <div class='ocr_carea' id='block_1_6' title="bbox 595 1129 679 1186">
    <p class='ocr_par' dir='ltr' id='par_1_6' title="bbox 595 1129 679 1186">
     <span class='ocr_line' id='line_1_8' title="bbox 595 1129 679 1186; baseline -0.071 0"><span class='ocrx_word' id='word_1_28' title='bbox 595 1129 660 1186; x_wconf 85' lang='lat'>152.</span> <span class='ocrx_word' id='word_1_29' title='bbox 675 1171 679 1180; x_wconf 82' lang='grc'><em>,</em></span> 
     </span>
    </p>
   </div>
   <div class='ocr_carea' id='block_1_7' title="bbox 122 1235 778 1380">
    <p class='ocr_par' dir='ltr' id='par_1_7' title="bbox 122 1235 778 1380">
     <span class='ocr_line' id='line_1_9' title="bbox 122 1235 778 1305; baseline -0.003 -13"><span class='ocrx_word' id='word_1_30' title='bbox 122 1239 225 1292; x_wconf 72' lang='lat' dir='ltr'><strong>Ferrea</strong></span> <span class='ocrx_word' id='word_1_31' title='bbox 238 1235 309 1292; x_wconf 75' lang='lat' dir='ltr'><strong>cista</strong></span> <span class='ocrx_word' id='word_1_32' title='bbox 320 1236 381 1291; x_wconf 81' lang='lat' dir='ltr'><strong>curi</strong></span> <span class='ocrx_word' id='word_1_33' title='bbox 395 1241 486 1289; x_wconf 90' lang='lat' dir='ltr'><strong>custos</strong></span> <span class='ocrx_word' id='word_1_34' title='bbox 500 1235 563 1299; x_wconf 87' lang='lat' dir='ltr'><strong>tibi,</strong></span> <span class='ocrx_word' id='word_1_35' title='bbox 579 1236 672 1290; x_wconf 82' lang='lat' dir='ltr'><strong>ferrea</strong></span> <span class='ocrx_word' id='word_1_36' title='bbox 683 1240 778 1305; x_wconf 71' lang='lat' dir='ltr'><strong>portur</strong></span> 
     </span>
     <span class='ocr_line' id='line_1_10' title="bbox 162 1315 763 1380; baseline 0 -10"><span class='ocrx_word' id='word_1_37' title='bbox 162 1317 264 1370; x_wconf 77' lang='lat' dir='ltr'><strong>Ferrea</strong></span> <span class='ocrx_word' id='word_1_38' title='bbox 276 1321 338 1370; x_wconf 78' lang='lat' dir='ltr'><strong>totu</strong></span> <span class='ocrx_word' id='word_1_39' title='bbox 350 1318 457 1380; x_wconf 87' lang='lat' dir='ltr'><strong>domus,</strong></span> <span class='ocrx_word' id='word_1_40' title='bbox 471 1315 576 1369; x_wconf 84' lang='lat' dir='ltr'><strong>ferreus</strong></span> <span class='ocrx_word' id='word_1_41' title='bbox 591 1322 620 1370; x_wconf 86' lang='lat' dir='ltr'><strong>et</strong></span> <span class='ocrx_word' id='word_1_42' title='bbox 633 1315 763 1370; x_wconf 87' lang='lat' dir='ltr'><strong>dominus.</strong></span> 
     </span>
    </p>
   </div>
   <div class='ocr_carea' id='block_1_8' title="bbox 591 1522 657 1578">
    <p class='ocr_par' dir='ltr' id='par_1_8' title="bbox 591 1522 657 1578">
     <span class='ocr_line' id='line_1_11' title="bbox 591 1522 657 1578; baseline 0 -1"><span class='ocrx_word' id='word_1_43' title='bbox 591 1522 657 1578; x_wconf 83' lang='lat'>153.</span> 
     </span>
    </p>
   </div>
   <div class='ocr_carea' id='block_1_9' title="bbox 123 1625 974 1934">
    <p class='ocr_par' dir='ltr' id='par_1_9' title="bbox 123 1625 974 1934">
     <span class='ocr_line' id='line_1_12' title="bbox 123 1625 854 1696; baseline 0 -19"><span class='ocrx_word' id='word_1_44' title='bbox 123 1625 188 1678; x_wconf 76' lang='lat' dir='ltr'><strong>Jsm</strong></span> <span class='ocrx_word' id='word_1_45' title='bbox 201 1625 383 1693; x_wconf 84' lang='lat' dir='ltr'><strong>septendenos</strong></span> <span class='ocrx_word' id='word_1_46' title='bbox 397 1629 497 1696; x_wconf 75' lang='lat' dir='ltr'><strong>ageret</strong></span> <span class='ocrx_word' id='word_1_47' title='bbox 510 1641 571 1678; x_wconf 91' lang='lat' dir='ltr'><strong>cum</strong></span> <span class='ocrx_word' id='word_1_48' title='bbox 584 1641 636 1679; x_wconf 83' lang='lat' dir='ltr'><strong>rex</strong></span> <span class='ocrx_word' id='word_1_49' title='bbox 649 1625 740 1678; x_wconf 73' lang='lat' dir='ltr'><strong>David</strong></span> <span class='ocrx_word' id='word_1_50' title='bbox 755 1640 854 1688; x_wconf 70' lang='lat' dir='ltr'><strong>annos,</strong></span> 
     </span>
     <span class='ocr_line' id='line_1_13' title="bbox 163 1702 751 1774; baseline 0.007 -19"><span class='ocrx_word' id='word_1_51' title='bbox 163 1702 243 1756; x_wconf 80' lang='lat' dir='ltr'><strong>Ferit</strong></span> <span class='ocrx_word' id='word_1_52' title='bbox 256 1702 282 1756; x_wconf 89' lang='lat' dir='ltr'><strong>ei</strong></span> <span class='ocrx_word' id='word_1_53' title='bbox 295 1703 415 1773; x_wconf 80' lang='lat' dir='ltr'><strong>gelidum</strong></span> <span class='ocrx_word' id='word_1_54' title='bbox 428 1703 545 1773; x_wconf 77' lang='lat' dir='ltr'><strong>pulchra</strong></span> <span class='ocrx_word' id='word_1_55' title='bbox 557 1705 654 1774; x_wconf 75' lang='lat' dir='ltr'><strong>puella</strong></span> <span class='ocrx_word' id='word_1_56' title='bbox 667 1705 751 1758; x_wconf 76' lang='lat' dir='ltr'><strong>latus.</strong></span> 
     </span>
     <span class='ocr_line' id='line_1_14' title="bbox 123 1781 770 1855; baseline 0.002 -18"><span class='ocrx_word' id='word_1_57' title='bbox 123 1781 174 1837; x_wconf 78' lang='lat' dir='ltr'><strong>eui</strong></span> <span class='ocrx_word' id='word_1_58' title='bbox 187 1800 222 1836; x_wconf 87' lang='lat' dir='ltr'><strong>ne</strong></span> <span class='ocrx_word' id='word_1_59' title='bbox 237 1782 371 1836; x_wconf 85' lang='lat' dir='ltr'><strong>dissimilis</strong></span> <span class='ocrx_word' id='word_1_60' title='bbox 385 1789 466 1836; x_wconf 80' lang='lat' dir='ltr'><strong>tanto</strong></span> <span class='ocrx_word' id='word_1_61' title='bbox 479 1782 590 1838; x_wconf 81' lang='lat' dir='ltr'><strong>videare</strong></span> <span class='ocrx_word' id='word_1_62' title='bbox 603 1785 770 1855; x_wconf 79' lang='lat' dir='ltr'><strong>prophetae,</strong></span> 
     </span>
     <span class='ocr_line' id='line_1_15' title="bbox 162 1861 974 1934; baseline 0.002 -17"><span class='ocrx_word' id='word_1_63' title='bbox 162 1861 276 1917; x_wconf 85' lang='lat' dir='ltr'><strong>Duxisti</strong></span> <span class='ocrx_word' id='word_1_64' title='bbox 286 1861 428 1931; x_wconf 77' lang='lat' dir='ltr'><strong>juvenem,</strong></span> <span class='ocrx_word' id='word_1_65' title='bbox 440 1862 512 1932; x_wconf 77' lang='lat' dir='ltr'><strong>jam,</strong></span> <span class='ocrx_word' id='word_1_66' title='bbox 527 1864 683 1929; x_wconf 77' lang='lat' dir='ltr'><strong>Theodoro,</strong></span> <span class='ocrx_word' id='word_1_67' title='bbox 698 1881 793 1919; x_wconf 85' lang='lat' dir='ltr'><strong>senex.</strong></span> <span class='ocrx_word' id='word_1_68' title='bbox 965 1903 974 1934; x_wconf 78' lang='grc'><strong>,</strong></span> 
     </span>
    </p>
   </div>
   <div class='ocr_carea' id='block_1_10' title="bbox 593 2063 658 2118">
    <p class='ocr_par' dir='ltr' id='par_1_10' title="bbox 593 2063 658 2118">
     <span class='ocr_line' id='line_1_16' title="bbox 593 2063 658 2118; baseline -0.015 0"><span class='ocrx_word' id='word_1_69' title='bbox 593 2063 658 2118; x_wconf 83' lang='grc'><strong>154.</strong></span> 
     </span>
    </p>
   </div>
   <div class='ocr_carea' id='block_1_11' title="bbox 124 2164 897 2315">
    <p class='ocr_par' dir='ltr' id='par_1_11' title="bbox 124 2164 897 2315">
     <span class='ocr_line' id='line_1_17' title="bbox 124 2164 897 2236; baseline -0.001 -16"><span class='ocrx_word' id='word_1_70' title='bbox 124 2165 245 2220; x_wconf 81' lang='lat' dir='ltr'><strong>Plurima</strong></span> <span class='ocrx_word' id='word_1_71' title='bbox 259 2167 391 2236; x_wconf 77' lang='lat' dir='ltr'><strong>degustat</strong></span> <span class='ocrx_word' id='word_1_72' title='bbox 404 2167 572 2231; x_wconf 78' lang='lat' dir='ltr'><strong>stomachus,</strong></span> <span class='ocrx_word' id='word_1_73' title='bbox 587 2166 627 2221; x_wconf 93' lang='lat' dir='ltr'><strong>nil</strong></span> <span class='ocrx_word' id='word_1_74' title='bbox 641 2164 785 2234; x_wconf 77' lang='lat' dir='ltr'><strong>concoquit</strong></span> <span class='ocrx_word' id='word_1_75' title='bbox 798 2180 897 2236; x_wconf 72' lang='lat' dir='ltr'><strong>teger:</strong></span> 
     </span>
     <span class='ocr_line' id='line_1_18' title="bbox 163 2243 801 2315; baseline -0.002 -17"><span class='ocrx_word' id='word_1_76' title='bbox 163 2243 208 2298; x_wconf 91' lang='lat' dir='ltr'><strong>Sic</strong></span> <span class='ocrx_word' id='word_1_77' title='bbox 221 2252 253 2299; x_wconf 90' lang='lat' dir='ltr'><strong>tu</strong></span> <span class='ocrx_word' id='word_1_78' title='bbox 266 2245 331 2310; x_wconf 89' lang='lat' dir='ltr'><strong>scis,</strong></span> <span class='ocrx_word' id='word_1_79' title='bbox 347 2246 451 2310; x_wconf 75' lang='lat' dir='ltr'><strong>fateor,</strong></span> <span class='ocrx_word' id='word_1_80' title='bbox 466 2245 565 2310; x_wconf 81' lang='lat' dir='ltr'><strong>multa,</strong></span> <span class='ocrx_word' id='word_1_81' title='bbox 581 2245 702 2315; x_wconf 85' lang='lat' dir='ltr'><strong>nihilque</strong></span> <span class='ocrx_word' id='word_1_82' title='bbox 718 2244 801 2314; x_wconf 80' lang='lat' dir='ltr'><strong>sapis.</strong></span> 
     </span>
    </p>
   </div>
   <div class='ocr_carea' id='block_1_12' title="bbox 593 2443 658 2498">
    <p class='ocr_par' dir='ltr' id='par_1_12' title="bbox 593 2443 658 2498">
     <span class='ocr_line' id='line_1_19' title="bbox 593 2443 658 2498; baseline -0.031 0"><span class='ocrx_word' id='word_1_83' title='bbox 593 2443 658 2498; x_wconf 83' lang='lat'>155.</span> 
     </span>
    </p>
   </div>
   <div class='ocr_carea' id='block_1_13' title="bbox 40 2539 1015 2855">
    <p class='ocr_par' dir='ltr' id='par_1_13' title="bbox 40 2539 1015 2855">
     <span class='ocr_line' id='line_1_20' title="bbox 124 2539 869 2620; baseline 0 -18"><span class='ocrx_word' id='word_1_84' title='bbox 124 2548 286 2618; x_wconf 75' lang='lat' dir='ltr'><strong>Serpentes,</strong></span> <span class='ocrx_word' id='word_1_85' title='bbox 299 2554 412 2612; x_wconf 76' lang='lat' dir='ltr'><strong>nantes,</strong></span> <span class='ocrx_word' id='word_1_86' title='bbox 426 2550 586 2620; x_wconf 79' lang='lat' dir='ltr'><strong>gradientes</strong></span> <span class='ocrx_word' id='word_1_87' title='bbox 601 2555 684 2618; x_wconf 78' lang='lat' dir='ltr'><strong>atque</strong></span> <span class='ocrx_word' id='word_1_88' title='bbox 698 2548 837 2602; x_wconf 76' lang='lat' dir='ltr'><strong>volantes:</strong></span> <span class='ocrx_word' id='word_1_89' title='bbox 866 2539 869 2542; x_wconf 38' lang='lat'>¹</span> 
     </span>
     <span class='ocr_line' id='line_1_21' title="bbox 162 2627 803 2700; baseline 0 -18"><span class='ocrx_word' id='word_1_90' title='bbox 162 2629 233 2691; x_wconf 88' lang='lat' dir='ltr'><strong>Hos,</strong></span> <span class='ocrx_word' id='word_1_91' title='bbox 248 2628 299 2680; x_wconf 77' lang='lat' dir='ltr'><strong>hes</strong></span> <span class='ocrx_word' id='word_1_92' title='bbox 314 2631 424 2700; x_wconf 74' lang='lat' dir='ltr'><strong>omnes,&#39;</strong></span> <span class='ocrx_word' id='word_1_93' title='bbox 434 2627 505 2680; x_wconf 81' lang='lat' dir='ltr'><strong>haec</strong></span> <span class='ocrx_word' id='word_1_94' title='bbox 519 2628 609 2682; x_wconf 79' lang='lat' dir='ltr'><strong>omnia</strong></span> <span class='ocrx_word' id='word_1_95' title='bbox 621 2627 705 2681; x_wconf 80' lang='lat' dir='ltr'><strong>vincit</strong></span> <span class='ocrx_word' id='word_1_96' title='bbox 719 2643 803 2683; x_wconf 78' lang='lat' dir='ltr'><strong>amor.</strong></span> 
     </span>
     <span class='ocr_line' id='line_1_22' title="bbox 40 2705 926 2780; baseline -0.002 -20"><span class='ocrx_word' id='word_1_97' title='bbox 40 2774 44 2780; x_wconf 29' lang='grc'>1</span> <span class='ocrx_word' id='word_1_98' title='bbox 125 2707 189 2770; x_wconf 87' lang='lat' dir='ltr'><strong>Hic,</strong></span> <span class='ocrx_word' id='word_1_99' title='bbox 203 2707 286 2770; x_wconf 77' lang='lat' dir='ltr'><strong>haec,</strong></span> <span class='ocrx_word' id='word_1_100' title='bbox 301 2705 366 2760; x_wconf 89' lang='lat' dir='ltr'><strong>hoc:</strong></span> <span class='ocrx_word' id='word_1_101' title='bbox 381 2723 517 2770; x_wconf 87' lang='lat' dir='ltr'><strong>nummus,</strong></span> <span class='ocrx_word' id='word_1_102' title='bbox 532 2707 631 2778; x_wconf 77' lang='lat' dir='ltr'><strong>regina</strong></span> <span class='ocrx_word' id='word_1_103' title='bbox 640 2708 761 2776; x_wconf 76' lang='lat' dir='ltr'><strong>pecunia</strong></span> <span class='ocrx_word' id='word_1_104' title='bbox 774 2712 804 2759; x_wconf 84' lang='lat' dir='ltr'><strong>et</strong></span> <span class='ocrx_word' id='word_1_105' title='bbox 818 2720 926 2767; x_wconf 78' lang='lat' dir='ltr'><strong>aurum,</strong></span> 
     </span>
     <span class='ocr_line' id='line_1_23' title="bbox 76 2781 1015 2855; baseline -0.004 -14"><span class='ocrx_word' id='word_1_106' title='bbox 76 2801 81 2812; x_wconf 92' lang='grc'>·</span> <span class='ocrx_word' id='word_1_107' title='bbox 162 2786 233 2842; x_wconf 86' lang='lat' dir='ltr'><strong>Sunt</strong></span> <span class='ocrx_word' id='word_1_108' title='bbox 247 2786 313 2851; x_wconf 79' lang='lat' dir='ltr'><strong>tria,</strong></span> <span class='ocrx_word' id='word_1_109' title='bbox 328 2785 403 2855; x_wconf 86' lang='lat' dir='ltr'><strong>queis</strong></span> <span class='ocrx_word' id='word_1_110' title='bbox 417 2786 532 2840; x_wconf 82' lang='lat' dir='ltr'><strong>vincens·</strong></span> <span class='ocrx_word' id='word_1_111' title='bbox 542 2788 634 2840; x_wconf 77' lang='lat' dir='ltr'><strong>omnin</strong></span> <span class='ocrx_word' id='word_1_112' title='bbox 646 2786 720 2840; x_wconf 87' lang='lat' dir='ltr'><strong>cedit</strong></span> <span class='ocrx_word' id='word_1_113' title='bbox 732 2802 817 2839; x_wconf 76' lang='lat' dir='ltr'><strong>umor.</strong></span> <span class='ocrx_word' id='word_1_114' title='bbox 931 2784 935 2790; x_wconf 75' lang='grc'>“</span> <span class='ocrx_word' id='word_1_115' title='bbox 1012 2781 1015 2788; x_wconf 91' lang='grc'><strong>’</strong></span> 
     </span>
    </p>
   </div>
   <div class='ocr_carea' id='block_1_14' title="bbox 593 2981 658 3037">
    <p class='ocr_par' dir='ltr' id='par_1_14' title="bbox 593 2981 658 3037">
     <span class='ocr_line' id='line_1_24' title="bbox 593 2981 658 3037; baseline 0.015 -1"><span class='ocrx_word' id='word_1_116' title='bbox 593 2981 658 3037; x_wconf 90' lang='grc'><strong>156.</strong></span> 
     </span>
    </p>
   </div>
   <div class='ocr_carea' id='block_1_15' title="bbox 124 3084 930 3252">
    <p class='ocr_par' dir='ltr' id='par_1_15' title="bbox 124 3084 930 3252">
     <span class='ocr_line' id='line_1_25' title="bbox 124 3084 930 3156; baseline 0.002 -16"><span class='ocrx_word' id='word_1_117' title='bbox 124 3084 193 3140; x_wconf 83' lang='lat' dir='ltr'><strong>Sunt</strong></span> <span class='ocrx_word' id='word_1_118' title='bbox 206 3102 289 3139; x_wconf 89' lang='lat' dir='ltr'><strong>unum</strong></span> <span class='ocrx_word' id='word_1_119' title='bbox 301 3085 344 3140; x_wconf 85' lang='lat' dir='ltr'><strong>vir</strong></span> <span class='ocrx_word' id='word_1_120' title='bbox 357 3093 388 3140; x_wconf 89' lang='lat' dir='ltr'><strong>et</strong></span> <span class='ocrx_word' id='word_1_121' title='bbox 401 3103 485 3152; x_wconf 84' lang='lat' dir='ltr'><strong>uxor,</strong></span> <span class='ocrx_word' id='word_1_122' title='bbox 500 3094 580 3142; x_wconf 74' lang='lat' dir='ltr'><strong>eram</strong></span> <span class='ocrx_word' id='word_1_123' title='bbox 592 3089 646 3140; x_wconf 87' lang='lat' dir='ltr'><strong>duo</strong></span> <span class='ocrx_word' id='word_1_124' title='bbox 660 3101 788 3156; x_wconf 76' lang='lat' dir='ltr'><strong>corpora3</strong></span> <span class='ocrx_word' id='word_1_125' title='bbox 802 3091 833 3140; x_wconf 78' lang='lat' dir='ltr'><strong>at</strong></span> <span class='ocrx_word' id='word_1_126' title='bbox 846 3102 930 3142; x_wconf 85' lang='lat' dir='ltr'><strong>unum</strong></span> 
     </span>
     <span class='ocr_line' id='line_1_26' title="bbox 164 3166 829 3252; baseline 0 -32"><span class='ocrx_word' id='word_1_127' title='bbox 164 3166 269 3236; x_wconf 83' lang='lat' dir='ltr'><strong>Corpus</strong></span> <span class='ocrx_word' id='word_1_128' title='bbox 282 3173 375 3231; x_wconf 80' lang='lat' dir='ltr'><strong>eraut,</strong></span> <span class='ocrx_word' id='word_1_129' title='bbox 391 3167 444 3252; x_wconf 77' lang='lat' dir='ltr'><strong>duq</strong></span> <span class='ocrx_word' id='word_1_130' title='bbox 458 3173 524 3222; x_wconf 80' lang='lat' dir='ltr'><strong>sunt</strong></span> <span class='ocrx_word' id='word_1_131' title='bbox 535 3167 607 3222; x_wconf 84' lang='lat' dir='ltr'><strong>filius</strong></span> <span class='ocrx_word' id='word_1_132' title='bbox 621 3172 705 3236; x_wconf 80' lang='lat' dir='ltr'><strong>atque</strong></span> <span class='ocrx_word' id='word_1_133' title='bbox 719 3181 829 3234; x_wconf 78' lang='lat' dir='ltr'><strong>putens.</strong></span> 
     </span>
    </p>
   </div>
   <div class='ocr_carea' id='block_1_16' title="bbox 0 0 1281 3572">
    <p class='ocr_par' dir='ltr' id='par_1_16' title="bbox 0 0 1281 3572">
     <span class='ocr_line' id='line_1_27' title="bbox 0 0 1281 3572; baseline 0 0"><span class='ocrx_word' id='word_1_134' title='bbox 0 0 1281 3572; x_wconf 95' lang='lat' dir='ltr'><strong> </strong></span> 
     </span>
    </p>
   </div>
  </div>
 </body>
</html>
